

@Article{choi12:robus_euclid,
  author =	 {C. Choi and H. I. Christensen},
  title =	 {Robust 3D visual tracking using particle filtering
                  on the special {E}uclidean group: A combined
                  approach of keypoint and edge features},
  journal =	 {Intl. Jour. of Robotics Research},
  year =	 2012,
  volume =	 33,
  number =	 3
}

@Article{okamura10:medic_healt_care_robot,
  author =	 {A. Okamura and M. Mataric and H. I. Christensen},
  title =	 {Medical and Health-Care Robotics},
  journal =	 {Robotics and Automation Magazine},
  year =	 2010,
  volume =	 17,
  number =	 3,
  pages =	 {26--27},
  month =	 {Sep},
  annote =	 {Summary of the CCC study on healthcare and medical
                  robotics, published in the 50 years of robotics
                  special issue}
}

@Article{topp10:detec,
  author = 	 {E. A. Topp and H. I. Christensen},
  title = 	 {Detecting region transitions for human-augmented mapping},
  journal = 	 {IEEE Trans.~on Robotics},
  year = 	 2010,
  volume = 	 26,
  number = 	 4,
  pages = 	 {715--720},
  month = 	 {Aug}}


@Article{young10:evaluat_human_robot_inter,
  author =	 {J. Young and J. SUng and A. Volda and E. Sharlin and
                  Y. Igarashi and H. I. Christensen and B. Grinter},
  title =	 {Evaluating Human-Robot Interaction: Focusing on the
                  holistic Interaction Experience},
  journal =	 {International Journal of Social Robotics},
  year =	 2010,
  pdf =          {http://www.cc.gatech.edu/~jsung/aboutme/publications/SORO_2010_HRI_Evaluation.pdf}
}

@Article{sung10:domes_robot_ecolog,
  author =	 {J-Y. Sung and R. E. Grinter and H. I. Christensen},
  title =	 {Domestic Robot Ecology - An initial framework to
                  unpack long-term acceptance of robots at home},
  journal =	 {International Journal of Social Robotics},
  year =	 2010,
  pdf =		 {hic-papers/SORO_2010.pdf}
}

@article{Frintrop:2009zk,
  Author =	 {S. Frintrop and E. Rome and H. I. Christensen},
  Date-Added =	 {2008-11-16 04:51:21 -0500},
  Date-Modified ={2008-11-16 04:51:21 -0500},
  Journal =	 {ACM {T}rans. on {A}ctive {P}erception},
  Pages =	 {(in press)},
  volume =	 10,
  number =	 1,
  Title =	 {Computational Visual Attention Systems and their
                  Cognitive Foundation: A Survey},
  Year =	 2010
}

@Article{smith09:const,
  author =	 {C. Smith and H. I. Christensen},
  title =	 {Constructing a high-performance robot from
                  commercially available parts},
  journal =	 {IEEE Robotics and Automation Magazine},
  year =	 2009,
  volume =	 16,
  number =	 4,
  pages =	 {75--83},
  month =	 {Dec.}
}

@Article{pronobis09,
  author =	 {A. Pronobis and B. Caputo and P. Jensfelt and
                  H. I. Christensen},
  title =	 {A realistic benchmark for visual indoor place
                  recognition},
  journal =	 {Robotics and Autonomous Systems},
  year =	 2009,
  month =	 {Aug},
  url =		 {http://dx.doi.org/10.1016/j.robot.2009.07.025}
}

@Article{lee09,
  author =	 {G. Lee and S. Yoon and N.Y. Chong and
                  H.I. Christensen},
  title =	 {mobile sensor network forming concentric circles
                  through local interaction and consensus building},
  journal =	 {Jour. of Robotics and Mechatronics},
  year =	 2009,
  volume =	 21,
  number =	 4,
  pages =	 {469--477},
  month =	 jul,
  pdf =		 {./hic-papers/network-jrm-09.pdf}
}

@article{smith08:teleop,
	Author = {C. Smith and M. Bratt and H. I. Christensen},
	Date-Added = {2008-07-19 10:24:39 -0400},
	Date-Modified = {2009-01-31 00:18:07 -0500},
	Journal = {IEEE Trans on Neural Networks},
	Month = {May},
	Number = {4},
	Pages = {604-620},
	Title = {Teleoperation for a ballcatching task with significant dynamics},
	Volume = {21},
	Year = 2008}

@article{zivkovic08:fromsensorhumanspatialconcep,
  Author =	 {Z. Zivkovic and O. Booji and B. Krose and E. A. Topp
                  and H. I. Christensen},
  Date-Modified ={2009-03-01 18:25:02 -0500},
  Journal =	 {IEEE Trans on Robotics},
  Month =	 {March},
  Number =	 {2},
  Pages =	 {501--505},
  Title =	 {From Sensors to Human Spatial Concepts: An Annotated
                  Data Set"},
  Volume =	 {24},
  Year =	 2008
}

@article{xiong07:agentnegottargetdistrenhansystemsurviv,
	Author = {N. Xiong and H. I. Christensen and P. Svensson},
	Date-Added = {2008-07-19 10:24:39 -0400},
	Date-Modified = {2008-07-19 10:24:39 -0400},
	Journal = {Intl Jour. of Intelligent Systems},
	Month = {dec},
	Number = 12,
	Pages = {1251--1269},
	Title = {Agent Negotiation of Target Distribution Enhancing System Surviveabilty},
	Url = {http://www3.interscience.wiley.com/cgi-bin/abstract/116330885/ABSTRACT?CRETRY=1&SRETRY=0},
	Volume = 22,
	Year = 2007,
	Bdsk-Url-1 = {http://www3.interscience.wiley.com/cgi-bin/abstract/116330885/ABSTRACT?CRETRY=1&SRETRY=0}}

@article{wooden07:hybridsystemarchitautonurbandrivin,
	Author = {D. Wooden and M. Powers and M. Egerstedt and H. Christensen and T. Balch},
	Date-Added = {2008-07-19 10:24:39 -0400},
	Date-Modified = {2008-07-19 10:24:39 -0400},
	Journal = {Journal of Aerospace Computing, Information, and Communication},
	Month = DEC,
	Number = 12,
	Pages = {1047--1058},
	Title = {Hybrid System Architecture for Autonomous, Urban Driving},
	Volume = 4,
	Year = 2007}

@article{folkesson07:mslam,
	Author = {J. Folkesson and P. Jensfelt and H. I. Christensen},
	Date-Added = {2008-07-19 10:24:39 -0400},
	Date-Modified = {2009-08-04 11:35:40 -0400},
	Journal = {IEEE Transaction on Robotics},
	Month = {oct},
	Number = 5,
	Pages = {106--115},
	Title = {The {M}-space feature representation for {SLAM}},
	Volume = 23,
	Year = 2007}

@article{lundberg07:longurbanterrain,
	Author = {C. Lundberg and H. I. Christensen and R. Reinhold},
	Date-Added = {2008-07-19 10:24:39 -0400},
	Date-Modified = {2008-07-19 10:24:39 -0400},
	Journal = {Journal of Field Robotics},
	Month = SEP,
	Number = {8/9},
	Pages = {625--650},
	Title = {Long-term study of a portable field robot in {U}rban {T}errain},
	Volume = 24,
	Year = 2007}

@article{folkesson07:closingraphslam,
	Author = {J. Folkesson and H. I. Christensen},
	Date-Added = {2008-07-19 10:24:39 -0400},
	Date-Modified = {2008-07-19 10:24:39 -0400},
	Journal = {{IEEE} {T}rans. on {R}obotics},
	Month = AUG,
	Number = 4,
	Pages = {731--741},
	Title = {Closing the loop with {G}raphical {SLAM}},
	Volume = 23,
	Year = 2007}

@article{elfwing07:evolutdevelhierarlearnstruc,
	Author = {S. Elfwing and E. Uchibe and K. Doya and H. I. Christensen},
	Date-Added = {2008-07-19 10:24:39 -0400},
	Date-Modified = {2008-07-19 10:24:39 -0400},
	Journal = {IEEE Trans on Evolutionary Computing},
	Month = {apr},
	Number = 2,
	Pages = {249--264},
	Title = {Evolutionary Development of Hierarchical Learning Structures},
	Volume = 11,
	Year = 2007}

@article{folkesson07:graphslam,
	Author = {J. Folkesson and H. I. Christensen},
	Date-Added = {2008-07-19 10:24:39 -0400},
	Date-Modified = {2008-07-19 10:24:39 -0400},
	Journal = {Journal of Field Robotics},
	Month = FEB,
	Number = {1--2},
	Pages = {51--70},
	Pdf = {hic-papers/JFRSubmitFolkesson.pdf},
	Title = {Graphical {SLAM} for {O}utdoor {A}pplications},
	Volume = {24},
	Year = 2007}

@article{xiong06:reacttunintargetestimaccur,
	Author = {N. Xiong and H. I. Christensen and P. Svensson},
	Date-Added = {2008-07-19 10:24:39 -0400},
	Date-Modified = {2008-07-19 10:24:39 -0400},
	Journal = {Cybernetics and Systems},
	Month = JAN,
	Number = 1,
	Pages = {83-103},
	Pdf = {hic-papers/CyberSys1.pdf},
	Title = {Reactive Tuning of Target Estimation Accuracy in Multi-Sensor Data Fusion},
	Volume = 38,
	Year = 2007}

@article{elfwing07:darwinembodevolutlearnabilitsurviv,
	Author = {S. Elfwing and E. Uchibe and K. Doya and H. I. Christensen},
	Date-Added = {2008-07-19 10:24:39 -0400},
	Date-Modified = {2008-07-19 10:24:39 -0400},
	Journal = {Adaptive Behaviour},
	Title = {Darwinian Embodied Evolution of the Learning Ability for Survival},
	Year = 2007}

@article{elfwing07:coevolutshapinrewarmeta,
	Author = {S. Elfwing and E. Uchibe and K. Doya and H. I. Christensen},
	Date-Added = {2008-07-19 10:24:39 -0400},
	Date-Modified = {2009-01-31 00:17:09 -0500},
	Journal = {Adaptive Behaviour},
	Month = {Dec},
	Number = {8},
	Pages = {400-412},
	Title = {Co-Evolution of Shaping Rewards and Meta-Parameters in Reinforcement Learning},
	Volume = {16},
	Year = 2008}

@article{kyrki06:measurerrorvisualservoin,
	Author = {V. Kyrki and D. Kragic and H. I. Christensen},
	Date-Added = {2008-07-19 10:24:39 -0400},
	Date-Modified = {2008-07-19 10:24:39 -0400},
	Journal = {Robotics and Autonomous Systems},
	Month = OCT,
	Number = 10,
	Pages = {815--827},
	Title = {Measurement Errors in Visual Servoing},
	Url = {http://dx.doi.org/10.1016/j.robot.2006.05.002},
	Volume = 54,
	Year = 2006,
	Bdsk-Url-1 = {http://dx.doi.org/10.1016/j.robot.2006.05.002}}

@article{kragic05:issues,
	Author = {D. Kragic and M. Bj{\"o}rkman and H. I. Christensen and J.-O. Eklundh},
	Date-Added = {2008-07-19 10:24:39 -0400},
	Date-Modified = {2008-07-19 10:24:39 -0400},
	Journal = {Robotics and Autonomous Systems},
	Month = JUN,
	Pages = {85--100},
	Pdf = {hic-papers/danik05-ras.pdf},
	Title = {Issues and strategies for robotic object manipulation in domestic settings},
	Vol = 52,
	Year = 2005}

@article{christensen05:euroneuroprobotnetwor,
	Author = {H. I. Christensen},
	Date-Added = {2008-07-19 10:24:39 -0400},
	Date-Modified = {2008-07-19 10:24:39 -0400},
	Journal = {{IEEE} {R}obotics and {A}utomation {M}agazine},
	Month = JUN,
	Number = 6,
	Title = {{EURON}- {E}uropean {R}obotics {N}etwork},
	Volume = 12,
	Year = 2005}

@article{kragic03:robusvisualservoin,
	Author = {Danica Kragic and Henrik I Christensen},
	Date-Added = {2008-07-21 04:28:30 -0400},
	Date-Modified = {2008-07-21 04:28:30 -0400},
	Journal = {Intl Jour. of Robotics Research},
	Month = OCT,
	Number = {10--11},
	Pages = {923-940},
	Title = {Robust Visual Servoing},
	Volume = 22,
	Year = 2003}

@article{althauschristensen:03c,
	Author = {Althaus, P. and Christensen, H.~I.},
	Date-Added = {2008-07-19 10:24:39 -0400},
	Date-Modified = {2008-07-19 10:24:39 -0400},
	Journal = {Advanced Robotics},
	Number = {7},
	Pages = {657--674},
	Title = {Behavior coordination in structured environments},
	Volume = {17},
	Year = {2003}}

@article{althaus03:smoot,
	Author = {Philipp Althaus and Henrik I Christensen},
	Date-Added = {2008-07-19 10:24:39 -0400},
	Date-Modified = {2008-07-19 10:24:39 -0400},
	Journal = {Robotics and Autonomous Systems},
	Month = SEP,
	Number = {3--4},
	Pages = {241--249},
	Title = {Smooth task switching through behaviour competition},
	Volume = 44,
	Year = 2003}

@article{orebaeck03:evaluat,
	Author = {Anders Oreb{\"a}ck and Henrik I.~Christensen},
	Date-Added = {2008-07-19 10:24:39 -0400},
	Date-Modified = {2008-07-19 10:24:39 -0400},
	Journal = {Autonomous Robots},
	Month = JAN,
	Number = 1,
	Pages = {33--50},
	Pdf = {hic-papers/03-OREBACK.pdf},
	Title = {Evaluation of architectures for mobile robotics},
	Volume = 14,
	Year = 2003,
	Annote = {Comparison / discussion of Saphira, TeamBots and
                  ISR. The comparison is based on a joint platform and
                  a common task}}

@article{jensfelt01:posetrackusinglaserscann,
	Author = {P. Jensfelt and H. I. Christensen},
	Date-Added = {2008-07-19 10:24:39 -0400},
	Date-Modified = {2008-07-19 10:24:39 -0400},
	Journal = {IEEE Trans. on Robotics and Automation},
	Month = APR,
	Number = 2,
	Pages = {138--147},
	Pdf = {hic-papers/tra-01-models.pdf},
	Title = {Pose Tracking Using Laser Scanning and Minimalistic Environmental Models},
	Volume = 17,
	Year = 2001}

@article{kragic01:cueintegvisualservoin,
	Author = {Danica Kragic and Henrik I Christensen},
	Date-Added = {2008-07-19 10:24:39 -0400},
	Date-Modified = {2008-07-19 10:24:39 -0400},
	Journal = {IEEE Trans. on Robotics and Automation},
	Month = FEB,
	Number = 1,
	Pages = {18--27},
	Pdf = {hic-papers/tra-01-cue-intg.pdf},
	Title = {Cue Integration for Visual Servoing},
	Volume = 17,
	Year = 2001}

@article{simoncelli00:autonpoolc,
	Author = {Maurizio Simoncelli and Guido Zunino and Henrik Christensen and Klas Lange},
	Date-Added = {2008-07-19 10:24:39 -0400},
	Date-Modified = {2008-07-19 10:24:39 -0400},
	Journal = {Autonomous Robots},
	Month = DEC,
	Number = 3,
	Pages = {261--270},
	Pdf = {hic-papers/poolclean.pdf},
	Title = {Autonomous Poolcleaning: Self Localisation and Autonomous Navigation for Cleaning},
	Volume = 9,
	Year = 2000}

@article{wijk00:trianbasedfusionsonardata,
	Author = {Olle Wijk and Henrik Christensen},
	Date-Added = {2008-07-19 10:24:39 -0400},
	Date-Modified = {2008-07-19 10:24:39 -0400},
	Journal = {IEEE Transaction on Robotics and Automation},
	Month = DEC,
	Number = 6,
	Pages = {740--752},
	Pdf = {hic-papers/tra-01-tbf.pdf},
	Title = {Triangulation Based Fusion of Sonar Data with Application in Robot Pose Tracking},
	Volume = 16,
	Year = 2000}

@article{wijk00:local,
	Author = {Olle Wijk and Henrik I. Christensen},
	Date-Added = {2008-07-19 10:24:39 -0400},
	Date-Modified = {2008-07-19 10:24:39 -0400},
	Journal = {Robotics and Autonomous Systems},
	Month = APR,
	Number = {1--2},
	Pages = {31--42},
	Title = {Localisation and navigation of a mobile robot using natural landmarks extracted from sonar data},
	Volume = 31,
	Year = 2000}

@article{fayman99:exploitredunpurposmodulcontexactivvision,
	Author = {J. Faymann and P. Pirjanian and H. I Christensen and E. Rivlin},
	Date-Added = {2008-07-19 10:24:39 -0400},
	Date-Modified = {2009-01-25 17:39:17 -0500},
	Journal = {IEEE Transaction of Systems, Man and Cybernetics},
	Month = FEB,
	Number = 1,
	Pages = {73--86},
	Pdf = {hic-papers/smc-99-sys-intg.pdf},
	Title = {Exploiting process integration and composition in the context of active vision},
	Volume = 29,
	Year = 1999}

@article{large99:scalin,
	Author = {Edward W. Large and Henrik I Christensen and R. Bajcsy},
	Date-Added = {2008-07-19 10:24:39 -0400},
	Date-Modified = {2008-07-19 10:24:39 -0400},
	Journal = {Intl. Jour. of Robotics Research},
	Month = JAN,
	Number = 1,
	Pages = {37--58},
	Pdf = {hic-papers/ijrr-98-competition.pdf},
	Title = {Scaling the dynamic approach to path planning and control: Competition amoung behavioural constriants},
	Volume = 18,
	Year = 1999}

@article{faymann98:avshell,
	Author = {J. Faymann and E. Rivlin and H.I. Christensen},
	Date-Added = {2008-07-19 10:24:39 -0400},
	Date-Modified = {2008-07-19 10:24:39 -0400},
	Journal = {Autonomous Robots},
	Title = {The AV-Shell},
	Year = 1998}

@article{pirjanian98:applic,
	Author = {P. Pirjanian and H. I. Christensen and J.A. Fayman},
	Date-Added = {2008-07-19 10:24:39 -0400},
	Date-Modified = {2008-07-19 10:24:39 -0400},
	Journal = {Robotics and Autonomous Systems},
	Number = 4,
	Pages = {253--266},
	Title = {Application of voting to fusion of purposive modules: an experimental investigation},
	Volume = 23,
	Year = 1998}

@article{dickinson97:activobjecrecogintegatten,
	Author = {Sven Dickinson and Henrik I. Christensen and John Tsotsos and G\"oran Olofsson},
	Date-Added = {2008-07-19 10:24:39 -0400},
	Date-Modified = {2008-07-19 10:24:39 -0400},
	Journal = {Computer Vision and Image Understanding},
	Month = SEP,
	Number = 3,
	Pages = {239--260},
	Title = {Active Object Recognition Integrating Attention and View Point Control},
	Volume = 67,
	Year = 1997}

@article{kosecka97:experbehavcompos,
	Author = {J. Kosecka and H. I. Christensen and R. Bajcsy},
	Date-Added = {2008-07-19 10:24:39 -0400},
	Date-Modified = {2008-07-19 10:24:39 -0400},
	Journal = {Journal on Robotics and Autonomous Systems},
	Month = MAR,
	Number = {3--4},
	Pages = {287-318},
	Title = {Experiments in Behaviour Composition},
	Volume = 19,
	Year = 1997}

@article{madsen97:viewpplannstratdetertrue,
	Author = {Claus B. Madsen and Henrik I Christensen},
	Date-Added = {2008-07-19 10:24:39 -0400},
	Date-Modified = {2008-07-19 10:24:39 -0400},
	Journal = {IEEE Trans. PAMI},
	Month = FEB,
	Number = 2,
	Pages = {158--163},
	Title = {A Viewpoint Planning Strategy for Determining True Angles on Polyhedral Objects by Camera Alignment},
	Volume = 19,
	Year = 1997}

@article{kosecka95:discreventmodelvisualguidedbehav,
	Author = {J. Ko{\v{s}}eck{\'{a}} and H. I. Christensen and R. Bajcsy},
	Date-Added = {2008-07-19 10:24:39 -0400},
	Date-Modified = {2008-07-19 10:24:39 -0400},
	Journal = {Intl. Jour. on Computer Vision, Special Issue on Qualitative Vision},
	Month = MAR,
	Number = 2,
	Pages = {179--191},
	Title = {Discrete Event Modeling of Visually Guided Behaviors},
	Volume = 8,
	Year = 1995}

@article{pirjanian94:amor,
	Author = {P. Pirjanian and H. Blaasv{\ae}r and H. I. Christensen},
	Date-Added = {2008-07-19 10:24:39 -0400},
	Date-Modified = {2008-07-19 10:24:39 -0400},
	Journal = {IEEE, International Conference on Systems, Man and Cybernetics},
	Month = OCT,
	Pages = {2266-2271},
	Pdf = {hic-papers/smc-94-amor.pdf},
	Title = {AMOR: An Autonomous Mobile Robot Navigation System},
	Volume = 3,
	Year = 1994}

@article{christensen94:purposrecon,
	Author = {Henrik I. Christensen and Claus Br{\o}ndgaard Madsen},
	Date-Added = {2008-07-19 10:24:39 -0400},
	Date-Modified = {2008-07-19 10:24:39 -0400},
	Journal = {CVGIP: Image Understanding},
	Month = JUL,
	Pages = {103--108},
	Title = {Purposive Reconstruction},
	Volume = 60,
	Year = 1994}

@article{christensen94:model,
	Author = {H.I. Christensen and N.O.S. Kirkeby and S. Kristensen and L.F. Knudsen},
	Date-Added = {2008-07-19 10:24:39 -0400},
	Date-Modified = {2008-07-19 10:24:39 -0400},
	Journal = {Robotics and Autonomous Systems},
	Pages = {199--207},
	Pdf = {hic-papers/model-based-nav.pdf},
	Title = {Model-driven vision for in-door navigation},
	Volume = 12,
	Year = 1994}

@article{eggert93:scalespaceaspecgraph,
	Author = {David W. Eggert and Kevin W. Bowyer and Charles R. Dyer and Henrik I. Christensen and Dmitry B. Goldgof},
	Date-Added = {2008-07-19 10:24:39 -0400},
	Date-Modified = {2008-07-19 10:24:39 -0400},
	Journal = {IEEE Transactions on Pattern Analysis and Machine Intelligence},
	Month = DEC,
	Pages = {1114--1130},
	Pdf = {hic-papers/pami-93-asp-graph.pdf},
	Title = {The Scale Space Aspect Graph},
	Volume = 14,
	Year = 1993}

@article{christensen93:lowcostrobotcamerhead,
	Author = {Henrik I. Christensen},
	Date-Added = {2008-07-19 10:24:39 -0400},
	Date-Modified = {2008-07-19 10:24:39 -0400},
	Journal = {Intl. Jour. of Pattern Recognition and Artificial Intelligence. Special issue on Active Robot Vision: Camera Heads, Model Based Navigation and Reactive Control},
	Month = FEB,
	Pages = {69--87},
	Title = {A Low-Cost Robot Camera Head},
	Volume = 7,
	Year = 1993}

@article{andersen92:navigusingrangeimagesmobilrobot,
	Author = {Claus Siggard Andersen and Claus Br{\o}ndgaard Madsen and Jan Juul S{\o}rensen and Niels Ole Staub Kirkeby and Judson P. Jones and Henrik I. Christensen},
	Date-Added = {2008-07-19 10:24:39 -0400},
	Date-Modified = {2008-07-19 10:24:39 -0400},
	Journal = {Robotics and Autonomous Systems},
	Pages = {147--160},
	Title = {Navigation Using Range Images on a Mobile Robot},
	Volume = 10,
	Year = 1992}

