%% This BibTeX bibliography file was created using BibDesk.
%% http://www.cs.ucsd.edu/~mmccrack/bibdesk.html


%% Created for Henrik Christensen at 2010-05-05 03:24:48 -0400 


%% Saved with string encoding Unicode (UTF-8) 



@Book{christensen15:robotresear,
  editor =	 {Henrik I. Christensen and Oussama Khatib},
  title =	 {Robotics Research},
  publisher =	 {Springer Verlag},
  year =	 2015,
  volume =	 100,
  series =	 {STAR},
  address =	 {Heidelberg/New York},
  month =	 {Dec}
}

@Book{christensen10:intersymposintelautonystem,
  editor =	 {H. I. Christensen and F. Groen and E. Petreu},
  title =	 {International Symposium on Intelligent Autonomous
                  Systems -- IAS-11},
  publisher =	 {IOS Press},
  year =	 2010,
  address =	 {Ottawa, Canada},
  month =	 {Aug}
}

@book{cosy09,
  Address =	 {Berlin, DE},
  Date-Added =	 {2008-11-16 04:25:33 -0500},
  Date-Modified ={2010-05-05 03:24:48 -0400},
  Editor =	 {H. I. Christensen and G.J. Kruijff and J. Wyatt},
  Month =	 {May},
  Pdf =          {http://www.cognitivesystems.org/cosybook/cosy-book.pdf},
  Publisher =	 {Springer {V}erlag},
  Series =	 {COSMOS},
  Title =	 {Cognitive Systems},
  Year =	 {2010}
}

@book{christensen06:-cognit-vision-sampl-spect,
  Address =	 {Heidelberg},
  Date-Added =	 {2008-07-19 10:35:02 -0400},
  Date-Modified ={2008-07-19 10:35:02 -0400},
  Editor =	 {H. I. Christensen and H.-H. Nagel},
  Month =	 APR,
  Number =	 3948,
  Publisher =	 {Springer Verlag},
  Series =	 {Lecture Notes in Computer Science},
  Title =	 {Cognitive Vision - Sampling the Spectrum},
  Year =	 2006
}

@book{christensen06:-europ-robot-sympos,
  Address =	 {Heidelberg, DE},
  Date-Added =	 {2008-07-19 10:35:02 -0400},
  Date-Modified ={2008-07-19 10:35:02 -0400},
  Editor =	 {Henrik I. Christensen},
  Month =	 MAR,
  Publisher =	 {Springer Verlag},
  Series =	 {STAR},
  Title =	 {European Robot Symposium -- 2006},
  Url =		 {http://www.springer.com/3-540-32688-X},
  Volume =	 22,
  Year =	 2006,
  Bdsk-Url-1 =	 {http://www.springer.com/3-540-32688-X}
}

@book{cpra02,
  Address =	 {Berlin Heidelberg},
  Date-Added =	 {2008-07-19 10:35:02 -0400},
  Date-Modified ={2008-07-19 10:35:02 -0400},
  Editor =	 {A. Bicchi and H. Christensen and D. Prattichizzo},
  Publisher =	 {Springer Verlag},
  Series =	 {STAR, Springer Tracts in Advanced Robotics},
  Title =	 {Control Problems in Robotics},
  Volume =	 4,
  Year =	 2002
}

@book{hager02:-mobil-robot-progr-parad,
	Address = {ICRA-02 Workshop, Washington, DC},
	Date-Added = {2008-07-19 10:35:02 -0400},
	Date-Modified = {2008-07-19 10:35:30 -0400},
	Editor = {Greg Hager and Henrik I Christensen},
	Month = MAY,
	Publisher = {IEEE},
	Title = {Mobile Robot Programming Paradigms},
	Year = 2002}

@book{christensen01:-emper-evaluat-comput-vision-method,
	Address = {Kauai, HW -- USA},
	Date-Added = {2008-07-19 10:35:02 -0400},
	Date-Modified = {2008-07-19 10:35:02 -0400},
	Editor = {Henrik I Christensen and Jonathon Phillips},
	Month = DEC,
	Publisher = {IEEE CS Press},
	Title = {Empirical Evaluation of Computer Vision Methods -- 2001},
	Year = 2001}

@book{christensen99:-intel-sensor-based-robot,
	Address = {Heidelberg, Germany},
	Date-Added = {2008-07-19 10:35:02 -0400},
	Date-Modified = {2008-07-19 10:35:02 -0400},
	Editor = {H. I. Christensen and H. Bunke and H. Noltemeier},
	Month = DEC,
	Publisher = {Springer Verlag},
	Series = {Lecture Notes in Artificial Intelligence},
	Title = {Intelligent Sensor Based Robotics},
	Volume = 1724,
	Year = 1999}

@book{christensen99:-comput-vision-system,
  Address =	 {Heidelberg},
  Date-Added =	 {2008-07-19 10:35:02 -0400},
  Date-Modified ={2008-07-19 10:35:02 -0400},
  Editor =	 {Henrik I Christensen},
  Month =	 JAN,
  Publisher =	 {Springer Verlag},
  Series =	 {Lecture Notes in Computer Science},
  Title =	 {Computer Vision Systems},
  Volume =	 1542,
  Year =	 1999
}

@book{christensen97:-sympos-intel-robot-system,
  Address =	 {Stockholm},
  Date-Added =	 {2008-07-19 10:32:17 -0400},
  Date-Modified ={2008-07-19 10:32:31 -0400},
  Editor =	 {H.I. Christensen and C. Bautigam and
                  C. Ridderstr\"om},
  Month =	 JUL,
  Publisher =	 {KTH},
  Title =	 {5th Symposium on Intelligent Robotics Systems},
  Year =	 1997
}

@book{christensen96:-proceed,
  Address =	 {Cambridge, UK},
  Date-Added =	 {2008-07-19 10:32:17 -0400},
  Date-Modified ={2008-07-19 10:34:03 -0400},
  Editor =	 {H.I. Christensen and W. Forstner and C.B. Madsen},
  Month =	 APR,
  Publisher =	 {AUCPress},
  Title =	 {Proceedings: ECVnet Workshop on Performance
                  Characteristics of Computer Vision Algorithms},
  Year =	 1996
}

@book{crowley95:-vision-proces,
  Date-Added =	 {2008-07-19 10:35:02 -0400},
  Date-Modified ={2008-07-19 10:35:02 -0400},
  Editor =	 {J. L. Crowley and Henrik I. Christensen},
  Month =	 JAN,
  Publisher =	 {Springer Verlag},
  Series =	 {EEC Basic Research Series},
  Title =	 {Vision as Process},
  Url =		 {http://www.nada.kth.se/~hic/VAP-book.html},
  Year =	 1995,
  Bdsk-Url-1 =	 {http://www.nada.kth.se/~hic/VAP-book.html}
}

@book{christensen94:-exper-envir-comput-vision-image-analy,
  Date-Added =	 {2008-07-19 10:35:02 -0400},
  Date-Modified ={2008-07-19 10:35:02 -0400},
  Editor =	 {Henrik I. Christensen and J. L. Crowley},
  Month =	 FEB,
  Publisher =	 {World Scientific Press},
  Series =	 {Series in Machine Perception and Artificial
                  Intelligence},
  Title =	 {Experimental Environments in Computer Vision and
                  Image Analysis},
  Volume =	 {Vol 11},
  Year =	 1994
}

@book{christensen93:-activ-robot-vision,
  Date-Added =	 {2008-07-19 10:35:02 -0400},
  Date-Modified ={2008-07-19 10:35:02 -0400},
  Editor =	 {Henrik I. Christensen and Kevin W. Bowyer and Horst
                  Bunke},
  Month =	 FEB,
  Publisher =	 {World Scientific Publishers},
  Title =	 {Active Robot Vision: Camera Heads, Model Based
                  Navigation and Reactive Control},
  Volume =	 7,
  Year =	 1993
}

@book{christensen92:-proceed-nordic-summer-school-activ,
  Address =	 {Aalborg, Denmark},
  Date-Added =	 {2008-07-19 10:32:17 -0400},
  Date-Modified ={2008-07-19 10:34:11 -0400},
  Editor =	 {Henrik I. Christensen},
  Month =	 SEP,
  Publisher =	 {AUC Press},
  Title =	 {Proceedings Nordic Summer School on Active Vision
                  and Geometric Modeling},
  Year =	 1992
}
