@COMMENT{{This file has been generated by bib2bib 1.87}}

@COMMENT{{Command line: bib2bib -r -s year journal-issues.bib}}



@Article{chatila12:roboitresearisrr,
  author =	 {R. Chatila and H. I. Christensen and O. Khatib},
  title =	 {Roboitcs Research - ISRR 2011},
  journal =	 {Intl. Jour. of Robotics Research},
  year =	 2012,
  volume =	 31,
  number =	 11,
  pages =	 {1217-1218},
  month =	 {Sep}
}


@Article{rusu11:specialissuesemanperceprobotindoorenvir,
  author =	 {R. Rusu and G. Gradski and K. Konolige and M. Beetz
                  and H. I. Christensen },
  title =	 {Special Issue on Semantic Perception for Robots in
                  Indoor Environments},
  journal =	 {Intl. Jour. of Robotics Research},
  year =	 2011,
  volume =	 30,
  number =	 10,
  pages =	 {1207-1208},
  month =	 {Sep}
}

@ARTICLE{kragic05:-advan-robot-vision,
  author =	 {D. Kragic and H. I. Christensen},
  date-added =	 {2008-07-21 02:47:39 -0400},
  date-modified ={2008-07-21 02:47:39 -0400},
  journal =	 {Robotics and {A}utonomous {S}ystems},
  month =	 JUN,
  pages =	 {1--4},
  title =	 {Advances in Robot Vision},
  year =	 2005
}

@ARTICLE{christensen04:-cognit-vision,
  author =	 {Henrik I. Christensen},
  date-added =	 {2008-07-21 02:47:17 -0400},
  date-modified ={2008-07-21 02:47:17 -0400},
  journal =	 {AI Magazine},
  month =	 JUL,
  number =	 2,
  pages =	 {8--9},
  title =	 {Cognitive Vision},
  volume =	 25,
  year =	 2004,
  annote =	 {Introduction/Editorial to special issue on Cognitive
                  Vision}
}

@ARTICLE{christensen03:-visual-servoin,
  author =	 {H.I. Christensen and P. Corke},
  date-added =	 {2008-07-21 02:46:52 -0400},
  date-modified ={2008-07-21 02:46:52 -0400},
  journal =	 {Intl. Jour. of Robotics Research},
  month =	 OCT,
  number =	 4,
  title =	 {Visual Servoing -- Editorial},
  volume =	 22,
  year =	 2003
}

@ARTICLE{christensen98:-intel-robot-system,
  author =	 {H.I. Christensen and J. Crowley},
  date-added =	 {2008-07-21 02:45:55 -0400},
  date-modified ={2008-07-21 02:45:55 -0400},
  journal =	 {Robotics and Autonomous Systems},
  month =	 AUG,
  number =	 4,
  pages =	 {201--204},
  title =	 {Intelligent Robotic Systems},
  volume =	 23,
  year =	 1998,
  annote =	 {Special Issue Editorial}
}

@ARTICLE{christensen97:-perfor-charac-vision-algor,
  author =	 {H. I. Christensen and W. F\"orstner},
  date-added =	 {2008-07-21 02:45:42 -0400},
  date-modified ={2008-07-21 02:45:42 -0400},
  journal =	 {Machine Vision and Applications},
  month =	 MAR,
  number =	 {5/6},
  pages =	 {215--218},
  title =	 {Performance Characteristics of Vision Algorithms},
  volume =	 9,
  year =	 1997,
  annote =	 {(Editorial)}
}

