@Article{okamura10:medichealtcarerobot,
  author =	 {A. Okamura and M. Mataric and H. I. Christensen},
  title =	 {Medical and Health-Care Robotics},
  journal =	 {Robotics and Automation Magazine},
  year =	 2010,
  volume =	 17,
  number =	 3,
  pages =	 {26--27},
  month =	 {Sep},
  annote =	 {Summary of the CCC study on healthcare and medical
                  robotics, published in the 50 years of robotics
                  special issue}
}

@Article{topp10:detec,
  author = 	 {E. A. Topp and H. I. Christensen},
  title = 	 {Detecting region transitions for human-augmented mapping},
  journal = 	 {IEEE Trans.~on Robotics},
  year = 	 2010,
  volume = 	 26,
  number = 	 4,
  pages = 	 {715--720},
  month = 	 {Aug}}


@Article{young10:evaluathumanrobotinter,
  author =	 {J. Young and J. SUng and A. Volda and E. Sharlin and
                  Y. Igarashi and H. I. Christensen and B. Grinter},
  title =	 {Evaluating Human-Robot Interaction: Focusing on the
                  holistic Interaction Experience},
  journal =	 {International Journal of Social Robotics},
  year =	 2010,
  pdf =          {http://www.cc.gatech.edu/~jsung/aboutme/publications/SORO_2010_HRI_Evaluation.pdf}
}

@Article{sung10:domesrobotecolog,
  author =	 {J-Y. Sung and R. E. Grinter and H. I. Christensen},
  title =	 {Domestic Robot Ecology - An initial framework to
                  unpack long-term acceptance of robots at home},
  journal =	 {International Journal of Social Robotics},
  year =	 2010,
  pdf =		 {hic-papers/SORO_2010.pdf}
}

@article{Frintrop:2009zk,
  Author =	 {S. Frintrop and E. Rome and H. I. Christensen},
  Date-Added =	 {2008-11-16 04:51:21 -0500},
  Date-Modified ={2008-11-16 04:51:21 -0500},
  Journal =	 {ACM {T}rans. on {A}ctive {P}erception},
  Pages =	 {(in press)},
  volume =	 10,
  number =	 1,
  Title =	 {Computational Visual Attention Systems and their
                  Cognitive Foundation: A Survey},
  Year =	 2010
}

@Article{smith09:const,
  author =	 {C. Smith and H. I. Christensen},
  title =	 {Constructing a high-performance robot from
                  commercially available parts},
  journal =	 {IEEE Robotics and Automation Magazine},
  year =	 2009,
  volume =	 16,
  number =	 4,
  pages =	 {75--83},
  month =	 {Dec.}
}

@Article{pronobis09,
  author =	 {A. Pronobis and B. Caputo and P. Jensfelt and
                  H. I. Christensen},
  title =	 {A realistic benchmark for visual indoor place
                  recognition},
  journal =	 {Robotics and Autonomous Systems},
  year =	 2009,
  month =	 {Aug},
  url =		 {http://dx.doi.org/10.1016/j.robot.2009.07.025}
}

@Article{lee09,
  author =	 {G. Lee and S. Yoon and N.Y. Chong and
                  H.I. Christensen},
  title =	 {mobile sensor network forming concentric circles
                  through local interaction and consensus building},
  journal =	 {Jour. of Robotics and Mechatronics},
  year =	 2009,
  volume =	 21,
  number =	 4,
  pages =	 {469--477},
  month =	 jul,
  pdf =		 {./hic-papers/network-jrm-09.pdf}
}

@article{smith08:teleop,
	Author = {C. Smith and M. Bratt and H. I. Christensen},
	Date-Added = {2008-07-19 10:24:39 -0400},
	Date-Modified = {2009-01-31 00:18:07 -0500},
	Journal = {IEEE Trans on Neural Networks},
	Month = {May},
	Number = {4},
	Pages = {604-620},
	Title = {Teleoperation for a ballcatching task with significant dynamics},
	Volume = {21},
	Year = 2008}

@article{zivkovic08:fromsensorhumanspatialconcep,
  Author =	 {Z. Zivkovic and O. Booji and B. Krose and E. A. Topp
                  and H. I. Christensen},
  Date-Modified ={2009-03-01 18:25:02 -0500},
  Journal =	 {IEEE Trans on Robotics},
  Month =	 {March},
  Number =	 {2},
  Pages =	 {501--505},
  Title =	 {From Sensors to Human Spatial Concepts: An Annotated
                  Data Set"},
  Volume =	 {24},
  Year =	 2008
}

@article{xiong07:agentnegottargetdistrenhansystemsurviv,
	Author = {N. Xiong and H. I. Christensen and P. Svensson},
	Date-Added = {2008-07-19 10:24:39 -0400},
	Date-Modified = {2008-07-19 10:24:39 -0400},
	Journal = {Intl Jour. of Intelligent Systems},
	Month = {dec},
	Number = 12,
	Pages = {1251--1269},
	Title = {Agent Negotiation of Target Distribution Enhancing System Surviveabilty},
	Url = {http://www3.interscience.wiley.com/cgi-bin/abstract/116330885/ABSTRACT?CRETRY=1&SRETRY=0},
	Volume = 22,
	Year = 2007,
	Bdsk-Url-1 = {http://www3.interscience.wiley.com/cgi-bin/abstract/116330885/ABSTRACT?CRETRY=1&SRETRY=0}}

@article{wooden07:hybridsystemarchitautonurbandrivin,
	Author = {D. Wooden and M. Powers and M. Egerstedt and H. Christensen and T. Balch},
	Date-Added = {2008-07-19 10:24:39 -0400},
	Date-Modified = {2008-07-19 10:24:39 -0400},
	Journal = {Journal of Aerospace Computing, Information, and Communication},
	Month = DEC,
	Number = 12,
	Pages = {1047--1058},
	Title = {Hybrid System Architecture for Autonomous, Urban Driving},
	Volume = 4,
	Year = 2007}

@article{folkesson07:mslam,
	Author = {J. Folkesson and P. Jensfelt and H. I. Christensen},
	Date-Added = {2008-07-19 10:24:39 -0400},
	Date-Modified = {2009-08-04 11:35:40 -0400},
	Journal = {IEEE Transaction on Robotics},
	Month = {oct},
	Number = 5,
	Pages = {106--115},
	Title = {The {M}-space feature representation for {SLAM}},
	Volume = 23,
	Year = 2007}

@article{lundberg07:longurbanterrain,
	Author = {C. Lundberg and H. I. Christensen and R. Reinhold},
	Date-Added = {2008-07-19 10:24:39 -0400},
	Date-Modified = {2008-07-19 10:24:39 -0400},
	Journal = {Journal of Field Robotics},
	Month = SEP,
	Number = {8/9},
	Pages = {625--650},
	Title = {Long-term study of a portable field robot in {U}rban {T}errain},
	Volume = 24,
	Year = 2007}

@article{folkesson07:closingraphslam,
	Author = {J. Folkesson and H. I. Christensen},
	Date-Added = {2008-07-19 10:24:39 -0400},
	Date-Modified = {2008-07-19 10:24:39 -0400},
	Journal = {{IEEE} {T}rans. on {R}obotics},
	Month = AUG,
	Number = 4,
	Pages = {731--741},
	Title = {Closing the loop with {G}raphical {SLAM}},
	Volume = 23,
	Year = 2007}

@article{elfwing07:evolutdevelhierarlearnstruc,
	Author = {S. Elfwing and E. Uchibe and K. Doya and H. I. Christensen},
	Date-Added = {2008-07-19 10:24:39 -0400},
	Date-Modified = {2008-07-19 10:24:39 -0400},
	Journal = {IEEE Trans on Evolutionary Computing},
	Month = {apr},
	Number = 2,
	Pages = {249--264},
	Title = {Evolutionary Development of Hierarchical Learning Structures},
	Volume = 11,
	Year = 2007}

@article{folkesson07:graphslam,
	Author = {J. Folkesson and H. I. Christensen},
	Date-Added = {2008-07-19 10:24:39 -0400},
	Date-Modified = {2008-07-19 10:24:39 -0400},
	Journal = {Journal of Field Robotics},
	Month = FEB,
	Number = {1--2},
	Pages = {51--70},
	Pdf = {hic-papers/JFRSubmitFolkesson.pdf},
	Title = {Graphical {SLAM} for {O}utdoor {A}pplications},
	Volume = {24},
	Year = 2007}

@article{xiong06:reacttunintargetestimaccur,
	Author = {N. Xiong and H. I. Christensen and P. Svensson},
	Date-Added = {2008-07-19 10:24:39 -0400},
	Date-Modified = {2008-07-19 10:24:39 -0400},
	Journal = {Cybernetics and Systems},
	Month = JAN,
	Number = 1,
	Pages = {83-103},
	Pdf = {hic-papers/CyberSys1.pdf},
	Title = {Reactive Tuning of Target Estimation Accuracy in Multi-Sensor Data Fusion},
	Volume = 38,
	Year = 2007}

@article{elfwing07:darwinembodevolutlearnabilitsurviv,
	Author = {S. Elfwing and E. Uchibe and K. Doya and H. I. Christensen},
	Date-Added = {2008-07-19 10:24:39 -0400},
	Date-Modified = {2008-07-19 10:24:39 -0400},
	Journal = {Adaptive Behaviour},
	Title = {Darwinian Embodied Evolution of the Learning Ability for Survival},
	Year = 2007}

@article{elfwing07:coevolutshapinrewarmeta,
	Author = {S. Elfwing and E. Uchibe and K. Doya and H. I. Christensen},
	Date-Added = {2008-07-19 10:24:39 -0400},
	Date-Modified = {2009-01-31 00:17:09 -0500},
	Journal = {Adaptive Behaviour},
	Month = {Dec},
	Number = {8},
	Pages = {400-412},
	Title = {Co-Evolution of Shaping Rewards and Meta-Parameters in Reinforcement Learning},
	Volume = {16},
	Year = 2008}

@article{kyrki06:measurerrorvisualservoin,
	Author = {V. Kyrki and D. Kragic and H. I. Christensen},
	Date-Added = {2008-07-19 10:24:39 -0400},
	Date-Modified = {2008-07-19 10:24:39 -0400},
	Journal = {Robotics and Autonomous Systems},
	Month = OCT,
	Number = 10,
	Pages = {815--827},
	Title = {Measurement Errors in Visual Servoing},
	Url = {http://dx.doi.org/10.1016/j.robot.2006.05.002},
	Volume = 54,
	Year = 2006,
	Bdsk-Url-1 = {http://dx.doi.org/10.1016/j.robot.2006.05.002}}

@article{kragic05:issues,
	Author = {D. Kragic and M. Bj{\"o}rkman and H. I. Christensen and J.-O. Eklundh},
	Date-Added = {2008-07-19 10:24:39 -0400},
	Date-Modified = {2008-07-19 10:24:39 -0400},
	Journal = {Robotics and Autonomous Systems},
	Month = JUN,
	Pages = {85--100},
	Pdf = {hic-papers/danik05-ras.pdf},
	Title = {Issues and strategies for robotic object manipulation in domestic settings},
	Vol = 52,
	Year = 2005}

@article{christensen05:euroneuroprobotnetwor,
	Author = {H. I. Christensen},
	Date-Added = {2008-07-19 10:24:39 -0400},
	Date-Modified = {2008-07-19 10:24:39 -0400},
	Journal = {{IEEE} {R}obotics and {A}utomation {M}agazine},
	Month = JUN,
	Number = 6,
	Title = {{EURON}- {E}uropean {R}obotics {N}etwork},
	Volume = 12,
	Year = 2005}

@article{kragic03:robusvisualservoin,
	Author = {Danica Kragic and Henrik I Christensen},
	Date-Added = {2008-07-21 04:28:30 -0400},
	Date-Modified = {2008-07-21 04:28:30 -0400},
	Journal = {Intl Jour. of Robotics Research},
	Month = OCT,
	Number = {10--11},
	Pages = {923-940},
	Title = {Robust Visual Servoing},
	Volume = 22,
	Year = 2003}

@article{althauschristensen:03c,
	Author = {Althaus, P. and Christensen, H.~I.},
	Date-Added = {2008-07-19 10:24:39 -0400},
	Date-Modified = {2008-07-19 10:24:39 -0400},
	Journal = {Advanced Robotics},
	Number = {7},
	Pages = {657--674},
	Title = {Behavior coordination in structured environments},
	Volume = {17},
	Year = {2003}}

@article{althaus03:smoot,
	Author = {Philipp Althaus and Henrik I Christensen},
	Date-Added = {2008-07-19 10:24:39 -0400},
	Date-Modified = {2008-07-19 10:24:39 -0400},
	Journal = {Robotics and Autonomous Systems},
	Month = SEP,
	Number = {3--4},
	Pages = {241--249},
	Title = {Smooth task switching through behaviour competition},
	Volume = 44,
	Year = 2003}

@article{orebaeck03:evaluat,
	Author = {Anders Oreb{\"a}ck and Henrik I.~Christensen},
	Date-Added = {2008-07-19 10:24:39 -0400},
	Date-Modified = {2008-07-19 10:24:39 -0400},
	Journal = {Autonomous Robots},
	Month = JAN,
	Number = 1,
	Pages = {33--50},
	Pdf = {hic-papers/03-OREBACK.pdf},
	Title = {Evaluation of architectures for mobile robotics},
	Volume = 14,
	Year = 2003,
	Annote = {Comparison / discussion of Saphira, TeamBots and
                  ISR. The comparison is based on a joint platform and
                  a common task}}

@article{jensfelt01:posetrackusinglaserscann,
	Author = {P. Jensfelt and H. I. Christensen},
	Date-Added = {2008-07-19 10:24:39 -0400},
	Date-Modified = {2008-07-19 10:24:39 -0400},
	Journal = {IEEE Trans. on Robotics and Automation},
	Month = APR,
	Number = 2,
	Pages = {138--147},
	Pdf = {hic-papers/tra-01-models.pdf},
	Title = {Pose Tracking Using Laser Scanning and Minimalistic Environmental Models},
	Volume = 17,
	Year = 2001}

@article{kragic01:cueintegvisualservoin,
	Author = {Danica Kragic and Henrik I Christensen},
	Date-Added = {2008-07-19 10:24:39 -0400},
	Date-Modified = {2008-07-19 10:24:39 -0400},
	Journal = {IEEE Trans. on Robotics and Automation},
	Month = FEB,
	Number = 1,
	Pages = {18--27},
	Pdf = {hic-papers/tra-01-cue-intg.pdf},
	Title = {Cue Integration for Visual Servoing},
	Volume = 17,
	Year = 2001}

@article{simoncelli00:autonpoolc,
	Author = {Maurizio Simoncelli and Guido Zunino and Henrik Christensen and Klas Lange},
	Date-Added = {2008-07-19 10:24:39 -0400},
	Date-Modified = {2008-07-19 10:24:39 -0400},
	Journal = {Autonomous Robots},
	Month = DEC,
	Number = 3,
	Pages = {261--270},
	Pdf = {hic-papers/poolclean.pdf},
	Title = {Autonomous Poolcleaning: Self Localisation and Autonomous Navigation for Cleaning},
	Volume = 9,
	Year = 2000}

@article{wijk00:trianbasedfusionsonardata,
	Author = {Olle Wijk and Henrik Christensen},
	Date-Added = {2008-07-19 10:24:39 -0400},
	Date-Modified = {2008-07-19 10:24:39 -0400},
	Journal = {IEEE Transaction on Robotics and Automation},
	Month = DEC,
	Number = 6,
	Pages = {740--752},
	Pdf = {hic-papers/tra-01-tbf.pdf},
	Title = {Triangulation Based Fusion of Sonar Data with Application in Robot Pose Tracking},
	Volume = 16,
	Year = 2000}

@article{wijk00:local,
	Author = {Olle Wijk and Henrik I. Christensen},
	Date-Added = {2008-07-19 10:24:39 -0400},
	Date-Modified = {2008-07-19 10:24:39 -0400},
	Journal = {Robotics and Autonomous Systems},
	Month = APR,
	Number = {1--2},
	Pages = {31--42},
	Title = {Localisation and navigation of a mobile robot using natural landmarks extracted from sonar data},
	Volume = 31,
	Year = 2000}

@article{fayman99:exploitredunpurposmodulcontexactivvision,
	Author = {J. Faymann and P. Pirjanian and H. I Christensen and E. Rivlin},
	Date-Added = {2008-07-19 10:24:39 -0400},
	Date-Modified = {2009-01-25 17:39:17 -0500},
	Journal = {IEEE Transaction of Systems, Man and Cybernetics},
	Month = FEB,
	Number = 1,
	Pages = {73--86},
	Pdf = {hic-papers/smc-99-sys-intg.pdf},
	Title = {Exploiting process integration and composition in the context of active vision},
	Volume = 29,
	Year = 1999}

@article{large99:scalin,
	Author = {Edward W. Large and Henrik I Christensen and R. Bajcsy},
	Date-Added = {2008-07-19 10:24:39 -0400},
	Date-Modified = {2008-07-19 10:24:39 -0400},
	Journal = {Intl. Jour. of Robotics Research},
	Month = JAN,
	Number = 1,
	Pages = {37--58},
	Pdf = {hic-papers/ijrr-98-competition.pdf},
	Title = {Scaling the dynamic approach to path planning and control: Competition amoung behavioural constriants},
	Volume = 18,
	Year = 1999}

@article{faymann98:avshell,
	Author = {J. Faymann and E. Rivlin and H.I. Christensen},
	Date-Added = {2008-07-19 10:24:39 -0400},
	Date-Modified = {2008-07-19 10:24:39 -0400},
	Journal = {Autonomous Robots},
	Title = {The AV-Shell},
	Year = 1998}

@article{pirjanian98:applic,
	Author = {P. Pirjanian and H. I. Christensen and J.A. Fayman},
	Date-Added = {2008-07-19 10:24:39 -0400},
	Date-Modified = {2008-07-19 10:24:39 -0400},
	Journal = {Robotics and Autonomous Systems},
	Number = 4,
	Pages = {253--266},
	Title = {Application of voting to fusion of purposive modules: an experimental investigation},
	Volume = 23,
	Year = 1998}

@article{dickinson97:activobjecrecogintegatten,
	Author = {Sven Dickinson and Henrik I. Christensen and John Tsotsos and G\"oran Olofsson},
	Date-Added = {2008-07-19 10:24:39 -0400},
	Date-Modified = {2008-07-19 10:24:39 -0400},
	Journal = {Computer Vision and Image Understanding},
	Month = SEP,
	Number = 3,
	Pages = {239--260},
	Title = {Active Object Recognition Integrating Attention and View Point Control},
	Volume = 67,
	Year = 1997}

@article{kosecka97:experbehavcompos,
	Author = {J. Kosecka and H. I. Christensen and R. Bajcsy},
	Date-Added = {2008-07-19 10:24:39 -0400},
	Date-Modified = {2008-07-19 10:24:39 -0400},
	Journal = {Journal on Robotics and Autonomous Systems},
	Month = MAR,
	Number = {3--4},
	Pages = {287-318},
	Title = {Experiments in Behaviour Composition},
	Volume = 19,
	Year = 1997}

@article{madsen97:viewpplannstratdetertrue,
	Author = {Claus B. Madsen and Henrik I Christensen},
	Date-Added = {2008-07-19 10:24:39 -0400},
	Date-Modified = {2008-07-19 10:24:39 -0400},
	Journal = {IEEE Trans. PAMI},
	Month = FEB,
	Number = 2,
	Pages = {158--163},
	Title = {A Viewpoint Planning Strategy for Determining True Angles on Polyhedral Objects by Camera Alignment},
	Volume = 19,
	Year = 1997}

@article{kosecka95:discreventmodelvisualguidedbehav,
	Author = {J. Ko{\v{s}}eck{\'{a}} and H. I. Christensen and R. Bajcsy},
	Date-Added = {2008-07-19 10:24:39 -0400},
	Date-Modified = {2008-07-19 10:24:39 -0400},
	Journal = {Intl. Jour. on Computer Vision, Special Issue on Qualitative Vision},
	Month = MAR,
	Number = 2,
	Pages = {179--191},
	Title = {Discrete Event Modeling of Visually Guided Behaviors},
	Volume = 8,
	Year = 1995}

@article{pirjanian94:amor,
	Author = {P. Pirjanian and H. Blaasv{\ae}r and H. I. Christensen},
	Date-Added = {2008-07-19 10:24:39 -0400},
	Date-Modified = {2008-07-19 10:24:39 -0400},
	Journal = {IEEE, International Conference on Systems, Man and Cybernetics},
	Month = OCT,
	Pages = {2266-2271},
	Pdf = {hic-papers/smc-94-amor.pdf},
	Title = {AMOR: An Autonomous Mobile Robot Navigation System},
	Volume = 3,
	Year = 1994}

@article{christensen94:purposrecon,
	Author = {Henrik I. Christensen and Claus Br{\o}ndgaard Madsen},
	Date-Added = {2008-07-19 10:24:39 -0400},
	Date-Modified = {2008-07-19 10:24:39 -0400},
	Journal = {CVGIP: Image Understanding},
	Month = JUL,
	Pages = {103--108},
	Title = {Purposive Reconstruction},
	Volume = 60,
	Year = 1994}

@article{christensen94:model,
	Author = {H.I. Christensen and N.O.S. Kirkeby and S. Kristensen and L.F. Knudsen},
	Date-Added = {2008-07-19 10:24:39 -0400},
	Date-Modified = {2008-07-19 10:24:39 -0400},
	Journal = {Robotics and Autonomous Systems},
	Pages = {199--207},
	Pdf = {hic-papers/model-based-nav.pdf},
	Title = {Model-driven vision for in-door navigation},
	Volume = 12,
	Year = 1994}

@article{eggert93:scalespaceaspecgraph,
	Author = {David W. Eggert and Kevin W. Bowyer and Charles R. Dyer and Henrik I. Christensen and Dmitry B. Goldgof},
	Date-Added = {2008-07-19 10:24:39 -0400},
	Date-Modified = {2008-07-19 10:24:39 -0400},
	Journal = {IEEE Transactions on Pattern Analysis and Machine Intelligence},
	Month = DEC,
	Pages = {1114--1130},
	Pdf = {hic-papers/pami-93-asp-graph.pdf},
	Title = {The Scale Space Aspect Graph},
	Volume = 14,
	Year = 1993}

@article{christensen93:lowcostrobotcamerhead,
	Author = {Henrik I. Christensen},
	Date-Added = {2008-07-19 10:24:39 -0400},
	Date-Modified = {2008-07-19 10:24:39 -0400},
	Journal = {Intl. Jour. of Pattern Recognition and Artificial Intelligence. Special issue on Active Robot Vision: Camera Heads, Model Based Navigation and Reactive Control},
	Month = FEB,
	Pages = {69--87},
	Title = {A Low-Cost Robot Camera Head},
	Volume = 7,
	Year = 1993}

@article{andersen92:navigusingrangeimagesmobilrobot,
	Author = {Claus Siggard Andersen and Claus Br{\o}ndgaard Madsen and Jan Juul S{\o}rensen and Niels Ole Staub Kirkeby and Judson P. Jones and Henrik I. Christensen},
	Date-Added = {2008-07-19 10:24:39 -0400},
	Date-Modified = {2008-07-19 10:24:39 -0400},
	Journal = {Robotics and Autonomous Systems},
	Pages = {147--160},
	Title = {Navigation Using Range Images on a Mobile Robot},
	Volume = 10,
	Year = 1992}

@comment{BibDesk Static Groups{
<?xml version="1.0" encoding="UTF-8"?>
<!DOCTYPE plist PUBLIC "-//Apple//DTD PLIST 1.0//EN" "http://www.apple.com/DTDs/PropertyList-1.0.dtd">
<plist version="1.0">
<array>
	<dict>
		<key>group name</key>
		<string>H. I. Christensen</string>
		<key>keys</key>
		<string>Frintrop:2009zk</string>
	</dict>
</array>
</plist>
}}
%% This BibTeX bibliography file was created using BibDesk.
%% http://www.cs.ucsd.edu/~mmccrack/bibdesk.html


%% Created for Henrik Christensen at 2010-05-05 03:24:48 -0400 


%% Saved with string encoding Unicode (UTF-8) 



@Book{christensen10:intersymposintelautonsystem,
  editor =	 {H. I. Christensen and F. Groen and E. Petreu},
  title =	 {International Symposium on Intelligent Autonomous
                  Systems -- IAS-11},
  publisher =	 {IOS Press},
  year =	 2010,
  address =	 {Ottawa, Canada},
  month =	 {Aug}
}

@book{cosy09,
  Address =	 {Berlin, DE},
  Date-Added =	 {2008-11-16 04:25:33 -0500},
  Date-Modified ={2010-05-05 03:24:48 -0400},
  Editor =	 {H. I. Christensen and G.J. Kruijff and J. Wyatt},
  Month =	 {May},
  Pdf =          {http://www.cognitivesystems.org/cosybook/cosy-book.pdf},
  Publisher =	 {Springer {V}erlag},
  Series =	 {COSMOS},
  Title =	 {Cognitive Systems},
  Year =	 {2010}
}

@book{christensen06:-cognit-vision-sampl-spect,
	Address = {Heidelberg},
	Date-Added = {2008-07-19 10:35:02 -0400},
	Date-Modified = {2008-07-19 10:35:02 -0400},
	Editor = {H. I. Christensen and H.-H. Nagel},
	Month = APR,
	Number = 3948,
	Publisher = {Springer Verlag},
	Series = {Lecture Notes in Computer Science},
	Title = {Cognitive Vision - Sampling the Spectrum},
	Year = 2006}

@book{christensen06:-europ-robot-sympos,
	Address = {Heidelberg, DE},
	Date-Added = {2008-07-19 10:35:02 -0400},
	Date-Modified = {2008-07-19 10:35:02 -0400},
	Editor = {Henrik I. Christensen},
	Month = MAR,
	Publisher = {Springer Verlag},
	Series = {STAR},
	Title = {European Robot Symposium -- 2006},
	Url = {http://www.springer.com/3-540-32688-X},
	Volume = 22,
	Year = 2006,
	Bdsk-Url-1 = {http://www.springer.com/3-540-32688-X}}

@book{cpra02,
	Address = {Berlin Heidelberg},
	Date-Added = {2008-07-19 10:35:02 -0400},
	Date-Modified = {2008-07-19 10:35:02 -0400},
	Editor = {A. Bicchi and H. Christensen and D. Prattichizzo},
	Publisher = {Springer Verlag},
	Series = {STAR, Springer Tracts in Advanced Robotics},
	Title = {Control Problems in Robotics},
	Volume = 4,
	Year = 2002}

@book{hager02:-mobil-robot-progr-parad,
	Address = {ICRA-02 Workshop, Washington, DC},
	Date-Added = {2008-07-19 10:35:02 -0400},
	Date-Modified = {2008-07-19 10:35:30 -0400},
	Editor = {Greg Hager and Henrik I Christensen},
	Month = MAY,
	Publisher = {IEEE},
	Title = {Mobile Robot Programming Paradigms},
	Year = 2002}

@book{christensen01:-emper-evaluat-comput-vision-method,
	Address = {Kauai, HW -- USA},
	Date-Added = {2008-07-19 10:35:02 -0400},
	Date-Modified = {2008-07-19 10:35:02 -0400},
	Editor = {Henrik I Christensen and Jonathon Phillips},
	Month = DEC,
	Publisher = {IEEE CS Press},
	Title = {Empirical Evaluation of Computer Vision Methods -- 2001},
	Year = 2001}

@book{christensen99:-intel-sensor-based-robot,
	Address = {Heidelberg, Germany},
	Date-Added = {2008-07-19 10:35:02 -0400},
	Date-Modified = {2008-07-19 10:35:02 -0400},
	Editor = {H. I. Christensen and H. Bunke and H. Noltemeier},
	Month = DEC,
	Publisher = {Springer Verlag},
	Series = {Lecture Notes in Artificial Intelligence},
	Title = {Intelligent Sensor Based Robotics},
	Volume = 1724,
	Year = 1999}

@book{christensen99:-comput-vision-system,
	Address = {Heidelberg},
	Date-Added = {2008-07-19 10:35:02 -0400},
	Date-Modified = {2008-07-19 10:35:02 -0400},
	Editor = {Henrik I Christensen},
	Month = JAN,
	Publisher = {Springer Verlag},
	Series = {Lecture Notes in Computer Science},
	Title = {Computer Vision Systems},
	Volume = 1542,
	Year = 1999}

@book{christensen97:-sympos-intel-robot-system,
	Address = {Stockholm},
	Date-Added = {2008-07-19 10:32:17 -0400},
	Date-Modified = {2008-07-19 10:32:31 -0400},
	Editor = {H.I. Christensen and C. Bautigam and C. Ridderstr\"om},
	Month = JUL,
	Publisher = {KTH},
	Title = {5th Symposium on Intelligent Robotics Systems},
	Year = 1997}

@book{christensen96:-proceed,
	Address = {Cambridge, UK},
	Date-Added = {2008-07-19 10:32:17 -0400},
	Date-Modified = {2008-07-19 10:34:03 -0400},
	Editor = {H.I. Christensen and W. Forstner and C.B. Madsen},
	Month = APR,
	Publisher = {AUCPress},
	Title = {Proceedings: ECVnet Workshop on Performance Characteristics of Computer Vision Algorithms},
	Year = 1996}

@book{crowley95:-vision-proces,
	Date-Added = {2008-07-19 10:35:02 -0400},
	Date-Modified = {2008-07-19 10:35:02 -0400},
	Editor = {J. L. Crowley and Henrik I. Christensen},
	Month = JAN,
	Publisher = {Springer Verlag},
	Series = {EEC Basic Research Series},
	Title = {Vision as Process},
	Url = {http://www.nada.kth.se/~hic/VAP-book.html},
	Year = 1995,
	Bdsk-Url-1 = {http://www.nada.kth.se/~hic/VAP-book.html}}

@book{christensen94:-exper-envir-comput-vision-image-analy,
	Date-Added = {2008-07-19 10:35:02 -0400},
	Date-Modified = {2008-07-19 10:35:02 -0400},
	Editor = {Henrik I. Christensen and J. L. Crowley},
	Month = FEB,
	Publisher = {World Scientific Press},
	Series = {Series in Machine Perception and Artificial Intelligence},
	Title = {Experimental Environments in Computer Vision and Image Analysis},
	Volume = {Vol 11},
	Year = 1994}

@book{christensen93:-activ-robot-vision,
	Date-Added = {2008-07-19 10:35:02 -0400},
	Date-Modified = {2008-07-19 10:35:02 -0400},
	Editor = {Henrik I. Christensen and Kevin W. Bowyer and Horst Bunke},
	Month = FEB,
	Publisher = {World Scientific Publishers},
	Title = {Active Robot Vision: Camera Heads, Model Based Navigation and Reactive Control},
	Volume = 7,
	Year = 1993}

@book{christensen92:-proceed-nordic-summer-school-activ,
	Address = {Aalborg, Denmark},
	Date-Added = {2008-07-19 10:32:17 -0400},
	Date-Modified = {2008-07-19 10:34:11 -0400},
	Editor = {Henrik I. Christensen},
	Month = SEP,
	Publisher = {AUC Press},
	Title = {Proceedings Nordic Summer School on Active Vision and Geometric Modeling},
	Year = 1992}
%% This BibTeX bibliography file was created using BibDesk.
%% http://www.cs.ucsd.edu/~mmccrack/bibdesk.html


%% Created for Henrik Christensen at 2010-03-17 13:12:50 -0400 


%% Saved with string encoding Unicode (UTF-8) 



@incollection{Christensen:2008fk,
	Address = {Berlin Heidelberg New York},
	Author = {H. I. Christensen and G. Hager},
	Booktitle = {Handbook of Robotics},
	Chapter = {4},
	Date-Added = {2010-03-17 13:11:56 -0400},
	Date-Modified = {2010-03-17 13:12:50 -0400},
	Editor = {B. Siciliano and O. Khatib},
	Month = {May},
	Publisher = {Springe Verlag},
	Title = {Sensing and Estimation},
	Year = {2008}}

@incollection{miller03:-dyn,
	Address = {Taipai, Taiwan},
	Author = {A. Miller and H.I. Christensen},
	Booktitle = {Intl Conf on Robotics and Automation},
	Date-Added = {2008-07-19 10:40:32 -0400},
	Date-Modified = {2008-07-19 10:40:32 -0400},
	Month = SEP,
	Pdf = {hic-papers/grasp-dynamics-icra03.pdf},
	Publisher = {IEEE},
	Title = {Implementation of Multi-rigid-body Dynamics within a Robotic Grasping Simulator},
	Year = 2003}

@incollection{christensen03:-adapt-hand-eye-coord,
	Address = {KI, Stockholm},
	Author = {H. I. Christensen and D. Kragic},
	Booktitle = {Skilled Hand Motion},
	Date-Added = {2008-07-19 10:40:32 -0400},
	Date-Modified = {2008-07-19 10:40:32 -0400},
	Editor = {H. Forsberg},
	Month = JUN,
	Pages = {10-14},
	Publisher = {Nobel Foundation},
	Title = {Adaptive Hand-Eye Coordination},
	Year = 2003,
	Annote = {Lecture at the Nobel Conference on Skilled Hand
                  Motion}}

@incollection{kragic03,
	Author = {D. Kragic and H.I. Christensen},
	Booktitle = {ICVS-03},
	Date-Added = {2008-07-19 10:40:32 -0400},
	Date-Modified = {2008-07-19 10:40:32 -0400},
	Editor = {M. Vincze and J. Crowley},
	Month = MAR,
	Pdf = {hic-papers/icvs-03-danik.pdf},
	Publisher = {Springer Verlag},
	Series = {LNCS},
	Title = {A framework for visual servoing},
	Volume = 2626,
	Year = 2003}

@incollection{christensen03:-home-appl,
	Address = {Heidelberg, DE},
	Author = {Henrik I Christensen},
	Booktitle = {Robotics Research},
	Date-Added = {2008-07-19 10:40:32 -0400},
	Date-Modified = {2008-07-19 10:40:32 -0400},
	Editor = {Raymond A.\ Jarvis and Alexander Zelinsky},
	Month = JAN,
	Number = 6,
	Pages = {319--330},
	Pdf = {hic-papers/isrr-01.pdf},
	Publisher = {Springer Verlag},
	Series = {Springer Tracts in Advanced Robotics (STAR)},
	Title = {Intelligent Home Appliances},
	Year = 2003,
	Annote = {Outlines the different ways that robotics is used in
                  our daily life. }}

@incollection{christensen03:-artif-intel,
	Address = {New York, NY},
	Author = {Henrik I Christensen and Jan-Olof Eklundh},
	Booktitle = {Van Norstrand's Scientific Encyclopedia},
	Date-Added = {2008-07-19 10:40:32 -0400},
	Date-Modified = {2008-07-19 10:40:32 -0400},
	Editor = {Glenn D. Considine},
	Month = JAN,
	Pages = {258--262},
	Publisher = {Wiley Interscience},
	Title = {Artificial Intelligence: Machine Vision},
	Volume = 1,
	Year = 2003}

@incollection{ramstrom02:-atten-game-theor,
	Address = {Heidelberg},
	Author = {O. Ramstr{\"o}m and H. I. Christensen},
	Booktitle = {BMCV-2002},
	Date-Added = {2008-07-19 10:40:32 -0400},
	Date-Modified = {2008-07-19 10:40:32 -0400},
	Month = NOV,
	Publisher = {Springer Verlag},
	Series = {LNCS},
	Title = {Attention using Game Theory},
	Volume = 2525,
	Year = 2002}

@incollection{kragic02:-visual-servoin,
	Address = {Lausanne},
	Author = {D. Kragic and H.I. Christensen},
	Booktitle = {Visual Servoing},
	Date-Added = {2008-07-19 10:40:32 -0400},
	Date-Modified = {2008-07-19 10:40:32 -0400},
	Month = OCT,
	Pdf = {hic-papers/chr-iros-02.pdf},
	Publisher = {IEEE},
	Title = {Visual Servoing meets the real world},
	Type = {Workshop -- Visual Servoing},
	Year = 2002}

@incollection{jensfelt02:-integ-mappin-local,
	Author = {P. Jensfelt and H.I. Christensen and G. Zunino},
	Booktitle = {ICRA-02 SLAM Workshop},
	Date-Added = {2008-07-19 10:40:32 -0400},
	Date-Modified = {2008-07-19 10:40:32 -0400},
	Editor = {J. Leonard and H. Durrant-Whyte},
	Month = MAY,
	Pdf = {hic-papers/icra02slam.pdf},
	Publisher = {IEEE},
	Title = {Integrated systems for Mapping and Localization},
	Year = 2002}

@incollection{christensen00:-activ-vision-multip-cues,
	Address = {Seoul, South Korea},
	Author = {H.I. Christensen and J.O. Eklundh},
	Booktitle = {Biologically Motivated Computer Vision -- BMCV 2000},
	Date-Added = {2008-07-19 10:40:32 -0400},
	Date-Modified = {2008-07-19 10:40:32 -0400},
	Editors = {S.-W.~Lee, H.~B{\"u}lthoff and T. ~Poggio},
	Month = MAY,
	Note = {(keynote)},
	Pages = {209--216},
	Publisher = {Springer Verlag},
	Series = {Lecture Notes in Computer Science},
	Title = {Active Vision from Multiple Cues},
	Volume = {1811},
	Year = 2000}

@incollection{kragic00:-cue-integ-manip,
	Address = {New York, Ny -- USA},
	Author = {Danica Kragi{\'c} and Henrik I Christensen},
	Booktitle = {Robust vision for vision-based control of motion},
	Chapter = 1,
	Date-Added = {2008-07-19 10:40:32 -0400},
	Date-Modified = {2008-07-19 10:40:32 -0400},
	Editor = {M. Vincze and G.D. Hager},
	Month = JAN,
	Pages = {1--14},
	Publisher = {IEEE Press},
	Series = {SPIE/IEEE Series on Imaging Science and Engineering},
	Title = {Active Visual Tracking of an end-effector: Integration of various cues},
	Year = 2000}

@inbook{andersson99:-intel-sensor-based-robot,
	Address = {Heidelberg},
	Author = {M. Andersson and A. Oreb{\"a}ck and M. Lindstr{\"o}m and H.I. Christensen},
	Chapter = {ISR: An Intelligent Service Robot},
	Date-Added = {2008-07-19 10:40:32 -0400},
	Date-Modified = {2008-07-19 10:40:32 -0400},
	Month = OCT,
	Pages = {291--314},
	Pdf = {hic-papers/dagstuhl98.pdf},
	Publisher = {Springer Verlag},
	Series = {Lecture Notes in Artificial Intelligence},
	Title = {Intelligent Sensor Based Robots},
	Volume = 1724,
	Year = 1999}

@incollection{christensen99:-mobil-manip,
	Address = {Heidelberg},
	Author = {H.I. Christensen and L. Petersson and M. Eriksson},
	Booktitle = {ISRR-99},
	Date-Added = {2008-07-19 10:40:32 -0400},
	Date-Modified = {2008-07-19 10:40:32 -0400},
	Editor = {J. Hollerbach and D. Koditschek},
	Month = OCT,
	Pdf = {hic-papers/isrr-99.pdf},
	Publisher = {Springer Verlag},
	Title = {Mobile Manipulation: Getting a grip?},
	Year = 1999}

@incollection{large97:-dynam-robot-plann-b,
	Address = {Singapore},
	Author = {E. Large and H. I. Christensen and R. Bajcsy},
	Booktitle = {Environmental Modeling},
	Date-Added = {2008-07-19 10:40:32 -0400},
	Date-Modified = {2008-07-19 10:40:32 -0400},
	Editor = {R.C. Bolles and H. Bunke and H. Noldemeyer},
	Month = SEP,
	Pages = {39--58},
	Publisher = {World Scientific Press},
	Title = {Dynamic Robot Planning},
	Year = 1997}

@inbook{bajcsy97:-advan-comput-vision,
	Address = {Wien},
	Author = {R. Bajcsy and H.I. Christensen and J. Kosecka},
	Chapter = {Segmentation of behavioural spaces for navigation tasks},
	Comment = {Signal - Symbol descrption with the basis in control theory and computer science, illustrated by the cooperative robots at UPENN.},
	Date-Added = {2008-07-19 10:40:32 -0400},
	Date-Modified = {2008-07-19 10:40:32 -0400},
	Month = MAR,
	Pages = {241--250},
	Publisher = {MIT Press},
	Series = {Advanced in Computer Science},
	Title = {Advanced in Computer Vision},
	Year = 1997}

@incollection{faymann96:-system-activ-vision-driven-robot,
	Author = {Jeff Faymann and E. Rivlin and Henrik I. Christensen},
	Booktitle = {Proceedings from The IEEE International Conference on Robotics and Automation, Minneapolis.},
	Date-Added = {2008-07-19 10:40:32 -0400},
	Date-Modified = {2008-07-19 10:40:32 -0400},
	Month = APR,
	Pdf = {hic-papers/icra-96-act-vis.pdf},
	Publisher = {IEEE CS Society},
	Title = {A System for Active Vision Driven Robotics},
	Year = 1996}

@inbook{christensen95:-system-integ-contr,
	Address = {Heidelberg.},
	Author = {Henrik I. Christensen and Erik Granum and James L. Crowley},
	Booktitle = {Vision as Process},
	Date-Added = {2008-07-19 10:40:32 -0400},
	Date-Modified = {2008-07-19 10:40:32 -0400},
	Pages = {9--22},
	Publisher = {Springer Verlag},
	Series = {EEC Basic Research Series},
	Title = {System Integration and Control},
	Year = 1995}

@inbook{kirkeby95:-vision-progr-workb,
	Address = {Heidelberg},
	Author = {Niels O.S. Kirkeby and Henrik I. Christensen},
	Booktitle = {Vision as Process},
	Date-Added = {2008-07-19 10:40:32 -0400},
	Date-Modified = {2008-07-19 10:40:32 -0400},
	Pages = {57-71},
	Publisher = {Springer Verlag},
	Title = {A Vision Programmers Workbench},
	Year = 1995}

@inbook{madsen95:-model,
	Address = {Singapore},
	Author = {Claus Br{\o}ndgaard Madsen and Henrik I. Christensen},
	Chapter = {Chapter 1.},
	Date-Added = {2008-07-19 10:40:32 -0400},
	Date-Modified = {2008-07-19 10:40:32 -0400},
	Pages = {1-15},
	Publisher = {World Scientific Press},
	Title = {Modelling and testing the stability of edge segments: Length and orientation},
	Year = 1995}

@incollection{christensen95:-contr-percep,
	Author = {Henrik I. Christensen and Erik Granum},
	Booktitle = {Vision as Process},
	Date-Added = {2008-07-19 10:40:32 -0400},
	Date-Modified = {2008-07-19 10:40:32 -0400},
	Editor = {James L. Crowley and Henrik I. Christensen},
	Month = JAN,
	Pages = {323-346},
	Publisher = {Springer Verlag},
	Series = {EEC Basic Research Series},
	Title = {Control of Perception},
	Year = 1995}

@incollection{pirjanian95:-hierar-contr-navig-using-heter-model,
	Address = {Singapore},
	Author = {P. Pirjanian and H. I. Christensen},
	Booktitle = {Modelling and Planning for Sensor Based Intellignet Robot Systems},
	Date-Added = {2008-07-19 10:40:32 -0400},
	Date-Modified = {2008-07-19 10:40:32 -0400},
	Editor = {Horst Bunke and Takao Kanade and Hartmut Noldemeier},
	Key = {amor-model},
	Month = NOV,
	Note = {Proc. from Schloss Dagstuhl meeting on Environmental Modelling},
	Pages = {344--361},
	Publisher = {World Scientific Press},
	Series = {Series in Machine Perception and Artificial Intelligence},
	Title = {Hierarchical Control for Navigation Using Heterogenuous Models},
	Volume = {Vol 21},
	Year = 1995}

@inbook{andreasen94:-image-signal-proces-synop,
	Author = {Steen Andreasen and Henrik I. Christensen},
	Date-Added = {2008-07-19 10:40:32 -0400},
	Date-Modified = {2008-07-19 10:40:32 -0400},
	Pages = {263-265},
	Publisher = {Schattauer},
	Series = {Year Book of Medical Informatics - 1994},
	Title = {Image and Signal Processing - Synopsis},
	Year = 1994}

@inbook{matas94:-const-visual-expec-using-gramm-scene-event,
	Address = {Bratislava},
	Author = {J. Matas and Henrik I. Christensen and J. Kittler and J. Illingworth and L. Nguyen},
	Chapter = 1,
	Date-Added = {2008-07-19 10:40:32 -0400},
	Date-Modified = {2008-07-19 10:40:32 -0400},
	Month = JUL,
	Pages = {1--12},
	Publisher = {World Scientific},
	Title = {Constraining Visual Expectations Using a Grammar of Scene Events},
	Year = 1994}

@inbook{crowley94:-vision-proces,
	Address = {Singapore},
	Author = {J. L. Crowley and Henrik I. Christensen},
	Date-Added = {2008-07-19 10:40:32 -0400},
	Date-Modified = {2008-07-19 10:40:32 -0400},
	Month = MAR,
	Pages = {127-155},
	Publisher = {World Scientific},
	Series = {Series in Machine Perception and Artificial Intelligence},
	Title = {Vision as Process: Integration and Control of a Real Time Active Vision System},
	Year = 1994}

@inbook{kirkeby94:-vision-progr-workb-vipwob,
	Address = {Singapore},
	Author = {Niels O. S. Kirkeby and Henrik I. Christensen},
	Date-Added = {2008-07-19 10:40:32 -0400},
	Date-Modified = {2008-07-19 10:40:32 -0400},
	Month = MAR,
	Pages = {195-224},
	Publisher = {World Scientific},
	Series = {Series in Machine Perception and Artificial Intelligence},
	Title = {The Vision Programmers Workbench (VIPWOB)},
	Volume = {Vol 11},
	Year = 1994}

@incollection{christensen93:-activ-vision-robot-navig,
	Author = {Henrik I. Christensen and Niels O.S. Kirkeby and Steen Kristensen and Lars F. Knudsen},
	Booktitle = {Proceedings from IRS'93, Zakopane, Poland},
	Date-Added = {2008-07-19 10:40:32 -0400},
	Date-Modified = {2008-07-19 10:40:32 -0400},
	Month = JUL,
	Pages = {44-56},
	Publisher = {Polish Academy of Science},
	Title = {Active Vision for Robot Navigation},
	Year = 1993}

@incollection{eggert92:-apply-scale-space-concep-persp,
	Author = {David W. Eggert and Kevin W. Bowyer and Charles R. Dyer and Henrik I. Christensen and Dmitry B. Goldgof},
	Booktitle = {Theory and Applications of Image Analysis - Selected Papers from 7th Scandinavian Conference on Image Analysis.},
	Date-Added = {2008-07-19 10:40:32 -0400},
	Date-Modified = {2008-07-19 10:40:32 -0400},
	Editor = {Peter Johansen and S. I. Olsen},
	Pages = {48--62.},
	Publisher = {World Scientific Publishers},
	Title = {Applying the Scale Space Concept to Perspective Projection Aspect Graphs},
	Year = 1992}

@incollection{granum90:-dynam-robot-vision,
	Author = {Erik Granum and Henrik I. Christensen},
	Booktitle = {Traditional and Non-Traditional Robotic Sensors.},
	Date-Added = {2008-07-19 10:40:32 -0400},
	Date-Modified = {2008-07-19 10:40:32 -0400},
	Editor = {Tom Henderson},
	Month = MAR,
	Pages = {57--71},
	Publisher = {Springer Verlag},
	Series = {NATO ASI Series F},
	Title = {Dynamic Robot Vision},
	Volume = 63,
	Year = 1990}

@inbook{christensen88:-token-match-real-time-motion-analy,
	Address = {Heidelberg},
	Author = {Henrik I. Christensen and E. Granum},
	Booktitle = {Proc 4th BPRA},
	Date-Added = {2008-07-19 10:40:32 -0400},
	Date-Modified = {2008-07-19 10:40:32 -0400},
	Month = MAR,
	Pages = {448-457},
	Publisher = {Springer Verlag},
	Series = {LNCS},
	Title = {On Token-Matching in Real-Time Motion Analysis},
	Volume = 301,
	Year = 1988}
%% This BibTeX bibliography file was created using BibDesk.
%% http://www.cs.ucsd.edu/~mmccrack/bibdesk.html


%% Created for Henrik Christensen at 2011-05-28 20:59:34 -0400 


%% Saved with string encoding Unicode (UTF-8) 



@inproceedings{rogers-et-al-2011,
	Address = {Orando, Fl. },
	Author = {J. G. Rogers III and A. Cunningham and M. Paluri and H. I Christensen and F. Dellaert and N. Michael and V. Kumar and L. Mathies},
	Booktitle = {Defense, Security and Sensing },
	Date-Added = {2011-05-28 20:44:52 -0400},
	Date-Modified = {2011-05-28 20:47:59 -0400},
	Month = {April},
	Organization = {SPIE},
	Title = {Cooperative Mapping of Indoor Environments},
	Year = {2011}}

@inproceedings{choi11:robusvisualtrackusingpartic,
	Address = {Shanghai, China},
	Author = {C. Choi and H. I. Christensen},
	Booktitle = {Intl. Conf. on Robotics and Automation},
	Month = {May},
	Organization = {IEEE},
	Pages = {4384--4391},
	Pdf = {hic-papers/choi-christensen-icra2011.pdf},
	Title = {Robust {3D} Visual Tracking Using Particle Filtering on the {SE(3)} Group},
	Year = 2011}

@inproceedings{iii10:effecsensorprecismobilrobotlocalmappin,
	Address = {Delhi, India},
	Author = {J. G. Rogers III and A. J. B. Trevor and C. Nieto-Granda and A. Cunningham and M. Paluri and N. Michael and H. I. Christensen},
	Booktitle = {International Symposium on Experimental Robotics},
	Month = {Dec},
	Organization = {IFRR},
	Title = {Effects of Sensory Precision on Mobile Robot Localization and Mapping},
	Year = 2010}

@inproceedings{iii10:slamexpecmaximmoveabobjectrack,
	Address = {Taiwan},
	Author = {J. G. Rogers III and A. J. B. Trevor and C. Nieto-Granda and H. I. Christensen},
	Booktitle = {IROS},
	Month = {Oct},
	Organization = {IEEE},
	Pages = {2077--2082},
	Title = {SLAM with Expectation Maximization for Moveable Object Tracking},
	Year = 2010}

@inproceedings{nieto-granda10:semanmappartitindoorenvir,
	Address = {Taiwan},
	Author = {C. Nieto-Granda and J. G. Rogers III and A. J. B. Trevor and H. I. Christensen},
	Booktitle = {IROS},
	Month = {Oct},
	Organization = {IEEE},
	Pages = {1451--1456},
	Title = {Semantic Map Partitioning in Indoor Environments Using Regional Analysis},
	Year = 2010}

@inproceedings{trevor10:tablescountshelv,
	Address = {Taiwan},
	Author = {A. Trevor and J. Rogers III and C. Nieto-Granda and H. I. Christensen},
	Booktitle = {IEEE/RSJ International Conference on Intelligent Robots and Systems (IROS 2010) Workshop on Semantic Mapping and Autonomous Knowledge Acquisition},
	Month = {Oct},
	Organization = {IEEE/RSJ},
	Title = {Tables, Counters, and Shelves: Semantic Mapping of Surfaces in 3D},
	Year = 2010}

@inproceedings{choi10:realmodeltrackusingedge,
	Address = {Anchorage},
	Author = {C Choi and H.I. Christensen},
	Booktitle = {ICRA-2010},
	Date-Modified = {2010-05-05 03:28:46 -0400},
	Month = {May},
	Organization = {IEEE RAS},
	Pages = {4048--4055},
	Title = {Real-time 3D Model-based Tracking Using Edge and Keypoint Features for Robotic Manipulation},
	Year = 2010}

@inproceedings{trevor10:virtual,
	Address = {Anchorage},
	Author = {A. Trevor and JG. Rogers and C. Nieto and H. I. Christensen},
	Booktitle = {ICRA-2010},
	Date-Modified = {2010-05-05 03:28:07 -0400},
	Month = {May},
	Organization = {IEEE RAS},
	Pages = {5389--5396},
	Title = {Applying Domain Knowledge to SLAM using Virtual Measurements},
	Year = 2010}

@inproceedings{rogers09:-normal-slam,
	Address = {St. Louis, MO},
	Author = {J. G. Rogers and H. I. Christensen},
	Booktitle = {{IEEE/RSJ} {I}ntl. {C}onf. on {I}ntell. {R}obots and {S}ystems},
	Month = {Oct.},
	Organization = {IEEE},
	Pages = {918--923},
	Title = {Normalized graph-cuts for large scale visual {SLAM}},
	Year = 2009}

@inproceedings{wu09:-visual-place-categ,
	Address = {St. Louis, MO},
	Author = {J. Wu and J. Rehg and H. I. Christensen},
	Booktitle = {{IEEE/RSJ} {I}ntl. {C}onf. on {I}ntell. {R}obots and {S}ystems},
	Month = {Oct.},
	Organization = {IEEE},
	Title = {Visual {P}lace {C}ategorization: {P}roblem, {D}ataset, and {A}lgorithm},
	Year = 2009}

@inproceedings{chandrababu09:-addin,
	Address = {St. Louis, MO},
	Author = {S. Chandrababu and H. I. Christensen},
	Booktitle = {{IEEE/RSJ} {I}ntl. {C}onf. on {I}ntell. {R}obots and {S}ystems},
	Month = {Oct.},
	Organization = {IEEE},
	Pages = {3961--3967},
	Title = {Adding diagnostics to intelligent service robots},
	Year = 2009}

@inproceedings{choi09:-cognit,
	Address = {St. Louis, MO},
	Author = {C. Choi and H. I. Christensen},
	Booktitle = {{IEEE/RSJ} {I}ntl. {C}onf. on {I}ntell. {R}obots and {S}ystems},
	Month = {Oct.},
	Organization = {IEEE},
	Title = {Cognitive vision for efficient scene processign and object categorization in highly cluttered environments},
	Year = 2009}

@inproceedings{smith09:-wii,
	Address = {St. Louis, MO},
	Author = {C. Smith and H. I. Christensen},
	Booktitle = {{IEEE/RSJ} {I}ntl. {C}onf. on {I}ntell. {R}obots and {S}ystems},
	Month = {Oct.},
	Organization = {IEEE},
	Title = {Wii-mote robot control using human motion models},
	Year = 2009}

@inproceedings{smith09,
	Address = {St. Louis, MO},
	Author = {C. Smith and H. I. Christensen},
	Booktitle = {{IEEE/RSJ} {I}ntl. {C}onf. on {I}ntell. {R}obots and {S}ystems},
	Month = {Oct.},
	Organization = {IEEE},
	Title = {A minimum jerk predictor for teleoperation with variable time delay},
	Year = 2009}

@inproceedings{sung09:sketc,
	Address = {Toyama, JP},
	Author = {J.Y. Sung and B. Grinter and H.I. Christensen},
	Booktitle = {18th IEEE International Symposium on Robot and Human Interactive Communication},
	Month = {Sep},
	Pages = {153--158},
	Title = {Sketching the future: {A}ssessing user needs for domestic robots},
	Year = 2009}

@inproceedings{ryu09:adaptcpg,
	Address = {Toyama, JP},
	Author = {J-K. Ryu and N.-Y. Chong and H. I. Christensen},
	Booktitle = {18th IEEE International Symposium on Robot and Human Interactive Communication},
	Month = {Sep},
	Pages = {122-127},
	Title = {Adaptive {CPG} based coordinated control of healthy and robotics lower limb movement},
	Year = 2009}

@inproceedings{lee09:-adapt-trinag-mesh-gener-self,
	Address = {Kobe, JP},
	Author = {G. Lee and N. Y. Chong and H. I. Christenen},
	Booktitle = {ICRA},
	Month = {May},
	Organization = {IEEE/RAS},
	Pages = {2737--2742},
	Title = {Adaptive Trinagular Mesh Generation of Self-Configuring Robot Swarms},
	Year = 2009}

@inproceedings{ellekilde09:-mmcontrol,
	Address = {Kobe, JP},
	Author = {L. P. Ellekilde and H. I. Christensen},
	Booktitle = {ICRA},
	Month = {May},
	Organization = {IEEE/RAS},
	Pages = {1370--1376},
	Title = {Control of Mobile Manipulator using the Dynamical Systems Approach},
	Year = 2009}

@inproceedings{sung09:-pimp-roomb,
	Address = {Boston, MA},
	Author = {J-Y. Sung and R. E. Grinter and H. I. Christensen},
	Booktitle = {{ACM} Conf on Human Factors in Computer Systems - {CHI}-09},
	Month = {Apr},
	Title = {Pimp my {R}oomba: designing for personalization},
	Year = 2009}

@inproceedings{sung09:-robot,
	Address = {San Diego, CA},
	Author = {J-Y. Sung and H.I. Christensen and B. Grinter},
	Booktitle = {ACM Conf. on Human Robot Interaction - {HRI}-09},
	Month = {Mar},
	Title = {Robots in the wild: understanding long-term use},
	Year = 2009}

@inproceedings{christensen08:-mobil-manip-every-envir,
	Address = {Seoul, Korea},
	Author = {H. I. Christensen and J. Philip Case},
	Booktitle = {Intl. Conf on Control, Automation and Systems},
	Month = {Oct},
	Organization = {IEEE},
	Pages = {24--29},
	Title = {Mobile Manipulation in Everyday Environments},
	Year = 2008}

@inproceedings{topp08:-detec-struc-ambig-trans-guided-tour,
	Address = {Pasadena, CA},
	Author = {E. A. Topp and H. I. Christensen},
	Booktitle = {2008 IEEE Intl. Conf. on Robotics and Automation},
	Date-Added = {2008-07-19 10:41:33 -0400},
	Date-Modified = {2008-07-19 10:41:33 -0400},
	Month = MAY,
	Pages = {2564--2571},
	Pdf = {hic-papers/place-ambiguity-icra-2008.pdf},
	Title = {Detecting Structural Ambiguities and Transistions during a Guided Tour},
	Year = 2008}

@inproceedings{ullah08:-towar-robus-place-recog-robot-local,
	Address = {Pasadena, CA},
	Author = {M. M. Ullah and A. Pronobis and B. Caputo and J. Luo and P. Jensfelt and H. I. Christensen},
	Booktitle = {2008 IEEE Intl. Conf. on Robotics and Automation},
	Date-Added = {2008-07-19 10:41:33 -0400},
	Date-Modified = {2008-07-19 10:41:33 -0400},
	Month = MAY,
	Pages = {530--537},
	Pdf = {hic-papers/place-rec-icra-2008.pdf},
	Title = {Towards Robust Place Recognition for Robot Localization},
	Year = 2008}

@inproceedings{Sung:2008fy,
	Address = {Amsterdam},
	Author = {J-Y. Sung and R. E. Grinter and H. I. Christensen and L. Guo},
	Booktitle = {HRI-08: Proc of 3rd ACM/IEEE Intl Conf on Human Robot Interaction},
	Date-Added = {2009-01-30 23:46:49 -0500},
	Date-Modified = {2009-01-30 23:49:01 -0500},
	Keywords = {domestic robot, user study},
	Month = {March},
	Title = {Housewives or technophiles?: understanding domestic robot owners},
	Year = {2008}}

@inproceedings{folkesson08:-sift-graph-slam,
	Address = {Heidelberg, Germany},
	Author = {J. Folkesson and H. I. Christensen},
	Booktitle = {Field and Service Robotics},
	Date-Added = {2008-07-19 10:41:33 -0400},
	Date-Modified = {2008-07-19 10:41:33 -0400},
	Editor = {C. Laugier and R. Siegwart},
	Month = MAR,
	Pages = {317--328},
	Publisher = {Springer Verlag},
	Series = {Springer Tracts in Advanted Robotics},
	Title = {{SIFT} based Graphical {SLAM} on a packbot},
	Volume = 42,
	Year = 2008}

@inproceedings{lundberg07:-asses-man-portab-robot-law-enfor-agenc,
	Address = {Gaithersburg, MD},
	Author = {C. Lundberg and H. I. Christensen},
	Booktitle = {PerMis},
	Date-Added = {2008-07-19 10:41:33 -0400},
	Date-Modified = {2008-07-19 10:41:33 -0400},
	Editor = {R. Madhavan and E. Messina},
	Month = {Aug},
	Organization = {ACM/IEEE},
	Pdf = {hic-papers/Permis07-Lundberg.pdf},
	Title = {Assessment of Man-Portable Robots for Law Enforcement Agencies},
	Year = 2007}

@inproceedings{smith07:-using-cots,
	Address = {Rome, IT},
	Author = {C. Smith and H. I. Christensen},
	Booktitle = {ICRA-2007},
	Date-Added = {2008-07-19 10:41:33 -0400},
	Date-Modified = {2008-07-19 10:41:33 -0400},
	Month = {April},
	Organization = {IEEE},
	Pdf = {hic-papers/icra2007-smith.pdf},
	Title = {Using {COTS} to construct a high performance robot arm},
	Year = 2007}

@inproceedings{sung07:-my-roomb-raamb,
	Address = {Insbruck, A},
	Author = {J-Y. Sung and L. Guo and R. E. Grinter and H. I. Christensen},
	Booktitle = {9th Intl Conf on Ubiquitous Computing},
	Date-Added = {2008-07-19 10:41:33 -0400},
	Date-Modified = {2008-07-19 10:41:33 -0400},
	Month = SEP,
	Title = {My Roomba is Rambo: Intimate Home Appliances},
	Year = 2007}

@inproceedings{bertolli06:-slam,
	Address = {Beijing, CH},
	Author = {Federico Bertolli and Patric Jensfelt and Henrik I. Christensen},
	Booktitle = {IROS-06},
	Date-Added = {2008-07-19 10:41:33 -0400},
	Date-Modified = {2008-07-19 10:41:33 -0400},
	Month = OCT,
	Organization = {IEEE/JRS},
	Title = {SLAM using Visual Scan-Matching with Distinguishable 3D Points},
	Url = {hic-papers/fede-iros-06-paper.pdf},
	Year = 2006,
	Bdsk-Url-1 = {hic-papers/fede-iros-06-paper.pdf}}

@inproceedings{bratt06:-desig,
	Address = {Beijing, CH},
	Author = {M. Bratt and C. Smith and H. I. Christensen},
	Booktitle = {Proc. {IEEE/RSJ} Intl Conf on Intell. Robots and Systems {(IROS-06)}},
	Date-Added = {2008-07-19 10:41:33 -0400},
	Date-Modified = {2008-07-19 10:41:33 -0400},
	Month = OCT,
	Organization = {RSJ/IEEE RAS},
	Pages = {1700--1705},
	Pdf = {hic-papers/iros06-bratt.pdf},
	Title = {Design of a control strategy for tele-operation of a platform with significant dynamics},
	Year = 2006}

@inproceedings{frintrop06:-atten-landm-selec-visual-slam,
	Address = {Beijing, CH},
	Author = {S. Frintrop and P. Jensfelt and H. I. Christensen},
	Booktitle = {IROS-06},
	Date-Added = {2008-07-19 10:41:33 -0400},
	Date-Modified = {2008-07-19 10:41:33 -0400},
	Month = OCT,
	Organization = {IEEE/JRS},
	Pdf = {hic-papers/iros06-frintrop.pdf},
	Title = {Attentional Landmark Selection for Visual SLAM},
	Year = 2006,
	Annote = { }}

@inproceedings{frintrop06:-pay-atten-when-selec-featur,
	Address = {Hong Kong},
	Author = {S. Frintrop and P. Jensfelt and H. I. Christensen},
	Booktitle = {Intl Conf of Pattern Recognition},
	Date-Added = {2008-07-19 10:41:33 -0400},
	Date-Modified = {2008-07-19 10:41:33 -0400},
	Month = AUG,
	Organization = {IEEE/IARP},
	Pdf = {hic-papers/frintrop-icpr06.pdf},
	Title = {Pay Attention When Selecting Features},
	Year = 2006}

@inproceedings{jensfelt06:-exploit-distin-image-featur-robot-mappin-local,
	Address = {Heidelberg, DE},
	Author = {Patric Jensfelt and John Folkesson and Danica Kragic and Henrik I. Christensen},
	Booktitle = {European Robot Symposium -- 2006},
	Date-Added = {2008-07-19 10:41:33 -0400},
	Date-Modified = {2008-07-19 10:41:33 -0400},
	Month = MAR,
	Organization = {EUROS},
	Pages = {143--158},
	Pdf = {hic-papers/euros06-jfkc.pdf},
	Publisher = {Springer Verlag},
	Series = {STAR},
	Title = {Exploiting Distinguishable Image Features in Robotic Mapping and Localisation},
	Url = {http://dx.doi.org/10.1007/11681120-12},
	Volume = 22,
	Year = 2006,
	Bdsk-Url-1 = {http://dx.doi.org/10.1007/11681120-12}}

@inproceedings{kruijff06:-clarif,
	Address = {Salt lake City, UT},
	Author = {G.J. Kruijff and H. Zender and P. Jensfelt and H.I. Christensen},
	Booktitle = {Human-Robot Interaction},
	Date-Added = {2008-07-19 10:41:33 -0400},
	Date-Modified = {2008-07-19 10:41:33 -0400},
	Month = MAR,
	Organization = {IEEE/ACM},
	Pdf = {hic-papers/main.mapping.hri2006.pdf},
	Title = {Clarification dialogues in human-augmented mapping},
	Year = 2006}

@inproceedings{kruijff06:-clarif-dialog-human-augmen-mappin,
	Address = {Hartfordshire, UK},
	Author = {G-J. Kruijff and H. Zender and P. Jensfelt and H.I. Christensen},
	Booktitle = {ROMAN-06},
	Date-Added = {2008-07-19 10:41:33 -0400},
	Date-Modified = {2008-07-19 10:41:33 -0400},
	Month = SEP,
	Organization = {IEEE},
	Title = {Clarification Dialogues in Human Augmented Mapping},
	Year = 2006,
	Annote = { }}

@inproceedings{huettenrauch06,
	Address = {Jeju, Korea},
	Author = {H. Huettenrauch and K. Severinson-Eklundh and A. Green and E. A. Topp and H. I. Christensen},
	Booktitle = {ROMAN-06},
	Month = {Sep},
	Organization = {IEEE},
	Title = {What's in the gap? Interaction transistions that make {HRI} Work},
	Year = 2006}

@inproceedings{lundberg06:-long,
	Address = {Gaitersburg, MD},
	Author = {C. Lundberg and H. I. Christensen and R. Reinhold},
	Booktitle = {PERMIS-2006},
	Date-Added = {2008-07-19 10:41:33 -0400},
	Date-Modified = {2008-07-19 10:41:33 -0400},
	Month = AUG,
	Pdf = {hic-papers/lundberg-permis-2006.pdf},
	Publisher = {ACM},
	Title = {Long-term study of portable field robots in urban terrain},
	Year = 2006}

@inproceedings{pacchierotti06:-iros,
	Address = {Beijing, China},
	Author = {E. Pacchierotti and H. I. Christensen and P. Jensfelt},
	Booktitle = {Intl Conf on Intelligent Robots and Systems (IROS)},
	Date-Added = {2008-07-19 10:41:33 -0400},
	Date-Modified = {2008-07-19 10:41:33 -0400},
	Month = OCT,
	Organization = {RSJ/IEEE},
	Pdf = {hic-papers/iros-06-pacchierotti-final.pdf},
	Title = {Design of an Office-Guide Robot for Social Interaction Studies},
	Year = 2006,
	Annote = { }}

@inproceedings{pacchierotti06:-roman,
	Address = {Hertfordshire, UK},
	Author = {E. Pacchierotti and H. I. Christensen and P. Jensfelt},
	Booktitle = {Workshop on Robot and Human Interactive Communication (ROMAN)},
	Date-Added = {2008-07-19 10:41:33 -0400},
	Date-Modified = {2008-07-19 10:41:33 -0400},
	Editor = {K. Dautenhahn},
	Month = SEP,
	Organization = {IEEE},
	Pdf = {hic-papers/roman06-pacchierotti-final.pdf},
	Title = {Evaluation of Passing Distance for Social Robots},
	Year = 2006}

@inproceedings{pronobis06:-discr-approac-robus-visual-place-recog,
	Address = {Beijing, CH},
	Author = {A. Pronobis and B. Caputo and P. Jensfelt and H.I. Christensen},
	Booktitle = {IROS},
	Date-Added = {2008-07-19 10:41:33 -0400},
	Date-Modified = {2008-07-19 10:41:33 -0400},
	Month = OCT,
	Organization = {IEEE/JSR},
	Pdf = {hic-papers/iros06-pronobis.pdf},
	Title = {A Discriminative Approach to Robust Visual Place Recognition},
	Year = 2006,
	Annote = { }}

@inproceedings{topp06:-acquir-shared-envir-repres,
	Address = {Salt lake City, UT},
	Author = {E. A. Topp and H. Huttenrauch and H. I. Christensen and K. Severinson-Eklundh},
	Booktitle = {Human-Robot Interaction},
	Date-Added = {2008-07-19 10:41:33 -0400},
	Date-Modified = {2008-07-19 10:41:33 -0400},
	Month = MAR,
	Organization = {IEEE/ACM},
	Pdf = {hic-papers/pp32-topp.pdf},
	Title = {Acquiring a Shared Environment Representation},
	Year = 2006,
	Annote = {(poster)}}

@inproceedings{topp06:-bridg,
	Address = {Beijing, CH},
	Author = {E. A. Topp and H. H{\"u}ttenrauch and H. I. Christensen and K. S. Eklundh},
	Booktitle = {Proc. {IEEE/RSJ} Intl Conf on Intell. Robots and Systems {(IROS-06)}},
	Date-Added = {2008-07-19 10:41:33 -0400},
	Date-Modified = {2008-07-19 10:41:33 -0400},
	Month = OCT,
	Title = {Bridging together human and robotics environmental representations / a pilot study},
	Year = 2006}

@inproceedings{topp06:-topol-model-human-augmen-mappin,
	Address = {Beijing, CH},
	Author = {E. A. Topp and H. I. Christensen},
	Booktitle = {Proc. {IEEE/RSJ} Intl Conf on Intell. Robots and Systems {(IROS-06)}},
	Date-Added = {2008-07-19 10:41:33 -0400},
	Date-Modified = {2008-07-19 10:41:33 -0400},
	Month = OCT,
	Organization = {RSJ/IEEE RAS},
	Pdf = {hic-papers/toppIROS06b-Topology.pdf},
	Title = {Topological Modelling of Human Augmented Mapping},
	Year = 2006}

@inproceedings{aisb05:embodied,
	Address = {Hertsfordshire},
	Author = {H. I. Christensen and E. Pacchierotti},
	Booktitle = {AISB-05},
	Date-Added = {2008-07-19 10:41:33 -0400},
	Date-Modified = {2008-07-19 10:41:33 -0400},
	Editor = {K. Dautenhahn},
	Month = APR,
	Pages = {40--45},
	Pdf = {hic-papers/aisb-christensen.pdf},
	Title = {Embodied Social Interaction for Robots},
	Year = 2005}

@inproceedings{elfwing05:-biolog-inspir-embod-evolut-surviv,
	Address = {Edinburgh, UK},
	Author = {S. Elfwing and E. Uchibe and K. Doya and H. I. Christensen},
	Booktitle = {IEEE Congress on Evolutionary Computation},
	Date-Added = {2008-07-19 10:41:33 -0400},
	Date-Modified = {2008-07-19 10:41:33 -0400},
	Month = SEP,
	Pdf = {hic-papers/Elfwing-CEC2005.pdf},
	Title = {Biologically Inspired Embodied Evolution of Survival},
	Year = 2005}

@inproceedings{folkesson05:-graph-slam-vision-measur-subsp,
	Address = {Edmundton, Canada},
	Author = {J. Folkesson and P. Jensfelt and H. I. Christensen},
	Booktitle = {Intl Conf. on Intelligent Robotics and Systems {(IROS)}},
	Date-Added = {2008-07-19 10:41:33 -0400},
	Date-Modified = {2008-07-19 10:41:33 -0400},
	Month = AUG,
	Organization = {IEEE/JRS},
	Pages = {3383--3390},
	Pdf = {hic-papers/johnf-iros05.pdf},
	Title = {Graphical {SLAM} using Vision and the Measurement SubSpace},
	Year = 2005}

@inproceedings{folkesson05:-measurement-space,
	Address = {Barcelona, ES},
	Author = {J. Folkesson and P. Jensfelt and H.I. Christensen},
	Booktitle = {Intl Conf. on Robotics and Automation},
	Date-Added = {2008-07-19 10:41:33 -0400},
	Date-Modified = {2008-07-19 10:41:33 -0400},
	Month = APR,
	Organization = {IEEE},
	Pdf = {hic-papers/icra05-feature.pdf},
	Title = {Vision SLAM in the Measurement SubSpace},
	Year = 2005}

@inproceedings{hedstroem05:-wearable,
	Address = {Brisbane, AU},
	Author = {A. Hedstr\"om and H. I. Christensen and C. Lundberg},
	Booktitle = {Field and Service Robotics},
	Date-Added = {2008-07-19 10:41:33 -0400},
	Date-Modified = {2008-07-19 10:41:33 -0400},
	Month = JUL,
	Organization = {IEEE},
	Pages = {488--497},
	Pdf = {hic-papers/fsr-05-ah.pdf},
	Title = {A Wearable {GUI} for Field Robots},
	Year = 2005}

@inproceedings{lundberg05,
	Address = {Nashville, TN},
	Author = {C. Lundberg and H. I. Christensen and A. Hedstr\"om},
	Booktitle = {IEEE ws. on Roman and Human Interactive Communication {(ROMAN)}},
	Date-Added = {2008-07-19 10:41:33 -0400},
	Date-Modified = {2008-07-19 10:41:33 -0400},
	Month = AUG,
	Pages = {143--1501},
	Pdf = {hic-papers/ROMAN-CL5.pdf},
	Title = {The use of robotics in harsh and unstructured field applications},
	Year = 2005}

@inproceedings{pacchierotti05:-embod,
	Address = {Brisbane, AU},
	Author = {E. Pacchierotti and H. I. Christensen and P. Jensfelt},
	Booktitle = {Field and Service Robotics},
	Date-Added = {2008-07-19 10:41:33 -0400},
	Date-Modified = {2008-07-19 10:41:33 -0400},
	Month = JUL,
	Organization = {IEEE},
	Pages = {476--487},
	Pdf = {hic-papers/fsr-05-pacchi.pdf},
	Title = {Embodied social interaction for service robots in hallway environments},
	Year = 2005}

@inproceedings{pacchierotti05:-embod-social-,
	Address = {Nashville, TN},
	Author = {E. Pacchierotti and H.I. Christensen and P. Jensfelt},
	Booktitle = {IEEE ws. on Roman and Human Interactive Communication {(ROMAN)}},
	Date-Added = {2008-07-19 10:41:33 -0400},
	Date-Modified = {2008-07-19 10:41:33 -0400},
	Month = AUG,
	Pages = {164--171},
	Pdf = {hic-papers/pacchierottiRoman39.pdf},
	Title = {Embodied Social Interaction in Hallway Settings: a User Study},
	Year = 2005}

@inproceedings{ramstroem05:-method-follow-unmar-roads,
	Address = {Las Vegas, NV},
	Author = {O. Ramstr\"om and H. I. Christensen},
	Booktitle = {Intelligent Vehicles '05},
	Date-Added = {2008-07-19 10:41:33 -0400},
	Date-Modified = {2008-07-19 10:41:33 -0400},
	Month = JUN,
	Organization = {IEEE},
	Pages = {650--655},
	Pdf = {hic-papers/iv05-olar.pdf},
	Title = {A Method for Following of Unmarked Roads},
	Year = 2005}

@inproceedings{topp05:-track,
	Address = {Edmundton, Canada},
	Author = {E. A. Topp and H. I. Christensen},
	Booktitle = {Intl Conf. on Intelligent Robotics and Systems (IROS)},
	Date-Added = {2008-07-19 10:41:33 -0400},
	Date-Modified = {2008-07-19 10:41:33 -0400},
	Month = AUG,
	Pages = {70--77},
	Pdf = {hic-papers/topp-iros05.pdf},
	Title = {Tracking for Following and Passing Persons},
	Year = 2005}

@inproceedings{althaus04:-navig-human-robot-inter-tasks,
	Address = {New Orleans},
	Author = {P. Althaus and H. Ishiguro and T. Kanda and T. Miyashita and H.I. Christensen},
	Booktitle = {IEEE Intl.~Conf.~on Robotics and Automation - 04},
	Date-Added = {2008-07-19 10:41:33 -0400},
	Date-Modified = {2008-07-19 10:41:33 -0400},
	Month = APR,
	Pages = {1894--1900},
	Pdf = {hic-papers/althaus-icra2004.pdf},
	Title = {Navigation for Human-Robot Interaction Tasks},
	Year = 2004}

@inproceedings{arno04:-artif-poten-biased-probab-roadm-method,
	Address = {New Orleans},
	Author = {Daniel Arno and Danica Kragic and Henrik I Christensen},
	Booktitle = {ICRA-04},
	Date-Added = {2008-07-19 10:41:33 -0400},
	Date-Modified = {2008-07-19 10:41:33 -0400},
	Month = APR,
	Organization = {IEEE},
	Pages = {461--469},
	Pdf = {hic-papers/arno-icra2004.pdf},
	Title = {Artificial Potential Biased Probabilistic Roadmap Method},
	Year = 2004}

@inproceedings{christensen04:-path-plann,
	Address = {Heidelberg, Germany},
	Author = {H.I. Christensen},
	Booktitle = {Robotics Research-03},
	Date-Added = {2008-07-19 10:41:33 -0400},
	Date-Modified = {2008-07-19 10:41:33 -0400},
	Editor = {R. Chatila and P. Dario},
	Month = APR,
	Pdf = {hic-papers/isrr-ses2-author.pdf},
	Publisher = {Springer Verlag},
	Series = {STAR},
	Title = {Path Planning},
	Year = 2004}

@inproceedings{christensen04:-ugv-techn-urban-inter,
	Address = {Orlando, Fl},
	Author = {H.I. Christensen and J. Folkesson and A. Hedstr{\"o}m and C. Lundberg},
	Booktitle = {SPIE -- Home Security},
	Date-Added = {2008-07-19 10:41:33 -0400},
	Date-Modified = {2008-07-19 10:41:33 -0400},
	Month = MAY,
	Title = {UGV Technology for Urban Intervention},
	Year = 2004}

@inproceedings{elfwing04:-multi-reinf-learn,
	Address = {Sendai, JP},
	Author = {S. Elfwing and E. Uchine and K. Doya and H.I. Christensen},
	Booktitle = {IROS-04},
	Date-Added = {2008-07-19 10:41:33 -0400},
	Date-Modified = {2008-07-19 10:41:33 -0400},
	Month = SEP,
	Organization = {IEEE/JSR},
	Pages = {3164--3169},
	Pdf = {hic-papers/iros04-elfwing.pdf},
	Title = {Multi-agent Reinforcement Learning: Using Macro Actions to Learn a Mating Task},
	Year = 2004}

@inproceedings{folkeson04:-graph-slam,
	Address = {New Orleans},
	Author = {J. Folkesson and H. I. Christensen},
	Booktitle = {ICRA-04},
	Date-Added = {2008-07-19 10:41:33 -0400},
	Date-Modified = {2008-07-19 10:41:33 -0400},
	Month = APR,
	Organization = {IEEE},
	Pages = {383-389},
	Pdf = {hic-papers/folkesson-icra2004.pdf},
	Title = {Graphical SLAM - A self-correcting map},
	Year = 2004,
	Annote = {The self correcting map story with graph based
                  updating}}

@inproceedings{folkesson04:-robus-slam,
	Address = {Lisboa, PT},
	Author = {J. Folkesson and H. I. Christensen},
	Booktitle = {IAV-2004},
	Date-Added = {2008-07-19 10:41:33 -0400},
	Date-Modified = {2008-07-19 10:41:33 -0400},
	Month = JUL,
	Pdf = {hic-papers/johnf-iav2004.pdf},
	Title = {Robust {SLAM}},
	Year = 2004}

@inproceedings{kyrki04:-error-visual-servoin,
	Address = {New Orleans},
	Author = {V. Kyrki and D. Kragic and H. I. Christensen},
	Booktitle = {ICRA-04},
	Date-Added = {2008-07-19 10:41:33 -0400},
	Date-Modified = {2008-07-19 10:41:33 -0400},
	Month = APR,
	Organization = {IEEE},
	Pages = {1861--1869},
	Pdf = {hic-papers/kyrki-icra2004.pdf},
	Title = {Measurement Errors in Visual Servoing},
	Year = 2004,
	Annote = {use of pose analysis to determine the sensitivity of
                  visual servoing methods}}

@inproceedings{kyrki04:-new-short-path-approac-visual-servoin,
	Address = {Sendai, JP},
	Author = {V. Kyrki and D. Kragic and H.I. Christensen},
	Booktitle = {IROS-04},
	Date-Added = {2008-07-19 10:41:33 -0400},
	Date-Modified = {2008-07-19 10:41:33 -0400},
	Month = SEP,
	Organization = {IEEE/JSR},
	Pages = {349--354},
	Pdf = {hic-papers/iros04-kyrki.pdf},
	Title = {New Shortest Path Approaches to Visual Servoing},
	Year = 2004}

@inproceedings{li04,
	Address = {New Orleans},
	Author = {Wenfeng Li and Henrik I Christensen and Anders Oreback and Dingfang Chen},
	Booktitle = {ICRA-04},
	Date-Added = {2008-07-19 10:41:33 -0400},
	Date-Modified = {2008-07-19 10:41:33 -0400},
	Month = APR,
	Organization = {IEEE},
	Pages = {1783--1793},
	Pdf = {hic-papers/li-icra2004.pdf},
	Title = {An architecture for indoor navigation},
	Year = 2004,
	Annote = {evaluation of the orocos@kth system for navigation}}

@inproceedings{ramstroem04:-objec,
	Address = {Prag, CZ},
	Author = {O. Ramstr{\"o}m and H.I. Christensen},
	Booktitle = {Workshop on Attention Processes in Computer Vision -- WAPCV},
	Date-Added = {2008-07-19 10:41:33 -0400},
	Date-Modified = {2008-07-19 10:41:33 -0400},
	Month = MAY,
	Title = {Object based visual attention: searching for objects defined by size},
	Year = 2004}

@inproceedings{ramstroem04:-object,
	Address = {Cambridge, UK},
	Author = {O. Ramstr{\"o}m and H.I. Christensen},
	Booktitle = {ICPR},
	Date-Added = {2008-07-19 10:41:33 -0400},
	Date-Modified = {2008-07-19 10:41:33 -0400},
	Month = AUG,
	Title = {Object detection using background context},
	Year = 2004}

@inproceedings{topp04,
	Address = {New Orleans},
	Author = {Elin Anna Topp and Danica Kragic and Patric Jensfelt and Henrik I Christensen},
	Booktitle = {ICRA-04},
	Date-Added = {2008-07-19 10:41:33 -0400},
	Date-Modified = {2008-07-19 10:41:33 -0400},
	Month = APR,
	Organization = {IEEE},
	Pages = {3469--3475},
	Pdf = {hic-papers/topp-icra2004.pdf},
	Title = {An interactive interface for service robots},
	Year = 2004,
	Annote = {integration of laser, vision and speech for
                  insturction of a service robot}}

@inproceedings{wulf04:-mappin-clutt-indoor-envir-means-percep,
	Address = {New Orleans},
	Author = {O. Wulf and K-A. Arras and H.I. Christensen and B. Wagner},
	Booktitle = {ICRA-04},
	Date-Added = {2008-07-19 10:41:33 -0400},
	Date-Modified = {2008-07-19 10:41:33 -0400},
	Month = APR,
	Organization = {IEEE},
	Pages = {4204-4209},
	Pdf = {hic-papers/wulf-icra2004.pdf},
	Title = {2D Mapping of Cluttered Indoor Environments by Means of 3D Perception},
	Year = 2004}

@inproceedings{althaus03:-autom-map-acquis-navig-domes,
	Address = {Taipei},
	Author = {P. Althaus and H.I. Christensen},
	Booktitle = {ICRA-03},
	Date-Added = {2008-07-19 10:41:33 -0400},
	Date-Modified = {2008-07-19 10:41:33 -0400},
	Month = SEP,
	Organization = {IEEE},
	Pages = {1551--1556},
	Pdf = {hic-papers/icra03-beh-comp.pdf},
	Title = {Automatic Map Acquisition for Navigation in Domestic Environments},
	Year = 2003}

@inproceedings{johansson03:-game-theor-model-manag-mobil-sensor,
	Address = {Cairns, AU},
	Author = {Ronnie M. Johansson and Ning Xiong and Henrik I. Christensen},
	Booktitle = {Information Fusion-03},
	Date-Added = {2008-07-19 10:41:33 -0400},
	Date-Modified = {2008-07-19 10:41:33 -0400},
	Month = JUL,
	Pdf = {hic-papers/inf-fus-03.pdf},
	Title = {A Game Theoretic Model for Management of Mobile Sensors},
	Year = 2003}

@inproceedings{kragic03:-biolog-movit-visual-servoin-grasp,
	Address = {Las Vegas, NV},
	Author = {Danica Kragic and Henrik I Christensen},
	Booktitle = {Intl Conf. on Intelligent Robotics and Systems (IROS)},
	Date-Added = {2008-07-19 10:41:33 -0400},
	Date-Modified = {2008-07-19 10:41:33 -0400},
	Month = OCT,
	Organization = {IEEE},
	Title = {Biologically Movitaed Visual Servoing and Grasping of Real World tasks},
	Year = 2003}

@inproceedings{kragic03:-confl-param-model-based-track,
	Address = {Taipei},
	Author = {Danica Kragic and Henrik I Christensen},
	Booktitle = {Intl Conf on Robotics and Automation},
	Date-Added = {2008-07-19 10:41:33 -0400},
	Date-Modified = {2008-07-19 10:41:33 -0400},
	Month = SEP,
	Organization = {IEEE},
	Title = {Confluence of Parameters in Model-Based Tracking},
	Year = 2003}

@inproceedings{kragic03:-vision-tactil-sensin-real-world-tasks,
	Address = {Taipei},
	Author = {Danica Kragic and Samuel Crinier and Dietrich Bruun and Henrik I Christensen},
	Booktitle = {Intl Conf on Robotics and Automation},
	Date-Added = {2008-07-19 10:41:33 -0400},
	Date-Modified = {2008-07-19 10:41:33 -0400},
	Month = SEP,
	Organization = {IEEE},
	Title = {Vision and Tactile Sensing for Real-World Tasks},
	Year = 2003}

@inproceedings{miller03:-grasp,
	Address = {Taipai, Taiwan},
	Author = {A. Miller and S. Knopp and H.I. Christensen and P. Allen},
	Booktitle = {Intl Conf on Robotics and Automation},
	Date-Added = {2008-07-19 10:41:33 -0400},
	Date-Modified = {2008-07-19 10:41:33 -0400},
	Month = SEP,
	Pdf = {hic-papers/grasp-abstraction-icra03.pdf},
	Publisher = {IEEE},
	Title = {Automatic Grasp Planning Using Shape Primitives},
	Year = 2003}

@inproceedings{althaus02:-behav-coord-navig-real-world-offic-envir,
	Address = {Lausanne},
	Author = {P. Althaus and H.I. Christensen},
	Booktitle = {IROS-02},
	Date-Added = {2008-07-19 10:41:33 -0400},
	Date-Modified = {2008-07-19 10:41:33 -0400},
	Editor = {R. Siegwart},
	Month = OCT,
	Organization = {IEEE},
	Pages = {2298--2304},
	Pdf = {hic-papers/iros-02-beh-comp.pdf},
	Title = {Behaviour Coordination for Navigation in Real-World Office Environments},
	Year = 2002}

@inproceedings{althaus02:-smoot-task-switc-coord,
	Address = {Marina Del Ray, CA},
	Author = {Philipp Althaus and Henrik I Christensen},
	Booktitle = {Intelligent Autonomous Systems 7 -- IAS7},
	Date-Added = {2008-07-19 10:41:33 -0400},
	Date-Modified = {2008-07-19 10:41:33 -0400},
	Editor = {M Gini and W-M Shen and C. Torras and H. Yuasa},
	Month = MAR,
	Pages = {9--17},
	Publisher = {IOS Press},
	Title = {Smooth Task Switching through behaviour Coordination},
	Year = 2002}

@inproceedings{kragic02:-vision,
	Address = {Stockholm, SE},
	Author = {Danica Kragic and Henrik I Christensen},
	Booktitle = {International Symposium on Robotics},
	Date-Added = {2008-07-19 10:41:33 -0400},
	Date-Modified = {2008-07-19 10:41:33 -0400},
	Month = OCT,
	Organization = {IFR},
	Title = {Vision techniques for robotics manipulation and grasping},
	Year = 2002}

@inproceedings{kragic02:-weak-model-cue-integ-real-time-track,
	Address = {Washington, DC},
	Author = {Danica Kragic and Henrik I Christensen},
	Booktitle = {Proc. of 2002 IEEE Intl. Conf on Robotics and Automation},
	Date-Added = {2008-07-19 10:41:33 -0400},
	Date-Modified = {2008-07-19 10:41:33 -0400},
	Month = MAY,
	Organization = {IEEE},
	Pages = {3044--3039},
	Pdf = {hic-papers/icra-02-weak-intg.pdf},
	Title = {Weak Models and Cue Integration for Real-Time Tracking},
	Volume = 2,
	Year = 2002}

@inproceedings{petersson02:-system-integ-real-world-manip-tasks,
	Address = {Washington, DC},
	Author = {L. Petersson and P. Jensfelt and D. Tell and M. Strandberg and D. Kragic and H.I. Christensen},
	Booktitle = {Proc. of 2002 IEEE Intl. Conf on Robotics and Automation},
	Date-Added = {2008-07-19 10:41:33 -0400},
	Date-Modified = {2008-07-19 10:41:33 -0400},
	Month = MAY,
	Organization = {IEEE},
	Pages = {2500-2506},
	Pdf = {hic-papers/icra-02-intg.pdf},
	Title = {Systems Integration for Real-World Manipulation Tasks},
	Year = 2002}

@inproceedings{zucchelli02:-const,
	Address = {Quebec, QC},
	Author = {Marco Zucchelli and Jose Santos-Victor and Henrik I. Christensen},
	Booktitle = {Intl. conf. on Pattern Recognition},
	Date-Added = {2008-07-19 10:41:33 -0400},
	Date-Modified = {2008-07-19 10:41:33 -0400},
	Editor = {R. Kasturi and D. Laurendeau and C. Suen},
	Month = AUG,
	Organization = {IARP/IEEE},
	Title = {Constrained structure and motion estimation from optical flow},
	Volume = 1,
	Year = 2002}

@inproceedings{zucchelli02:-maxim-likel-struc-motion-estim-integ-time,
	Address = {Quebec, QC},
	Author = {M. Zucchelli and J. Santos-Victor and H.I. Christensen},
	Booktitle = {Intl. conf. on Pattern Recognition},
	Date-Added = {2008-07-19 10:41:33 -0400},
	Date-Modified = {2008-07-19 10:41:33 -0400},
	Editor = {R. Kasturi and D. Laurendeau and C. Suen},
	Month = AUG,
	Organization = {IEEE/IAPR},
	Title = {Maximum Likelihood Structure and Motion Estimation Integrated over Time},
	Volume = 4,
	Year = 2002}

@inproceedings{althaus01:-using-dynam-system-approac-navig,
	Address = {Maui, HW -- USA},
	Author = {P. Althaus and H.I. Christensen and F. Hoffmann},
	Booktitle = {IROS},
	Date-Added = {2008-07-19 10:41:33 -0400},
	Date-Modified = {2008-07-19 10:41:33 -0400},
	Month = OCT,
	Organization = {IEEE},
	Pages = {1023--1029},
	Pdf = {hic-papers/iros-01-dyn-sys.pdf},
	Title = {Using the Dynamical System Approach to Navigate in Realistic Real-World Environments},
	Year = 2001}

@inproceedings{christensen01:-vision-inter,
	Address = {Heidelberg, DE},
	Author = {H. I. Christensen and D. Kragic and F. Sandberg},
	Booktitle = {Intelligent Robot Systems},
	Date-Added = {2008-07-19 10:41:33 -0400},
	Date-Modified = {2008-07-19 10:41:33 -0400},
	Editor = {G. Hager and H.I. Christensen and F. Klein and H. Bunke},
	Publisher = {Springer Verlag},
	Series = {LNCS},
	Title = {Vision for Interaction},
	Year = 2001}

@inproceedings{christensen01:-vision-robot-inter,
	Address = {HongKong City University},
	Author = {Henrik I Christensen and Danica Kragic and Fredrik Sandberg},
	Booktitle = {M2VIP},
	Date-Added = {2008-07-19 10:41:33 -0400},
	Date-Modified = {2008-07-19 10:41:33 -0400},
	Editor = {S. Chen},
	Month = AUG,
	Organization = {IEEE},
	Pdf = {hic-papers/m2vip-01.pdf},
	Title = {Vision for Robot Interaction},
	Year = 2001}

@inproceedings{eklundh01:-comput-vision,
	Author = {J.-O. Eklundh and H.I. Christensen},
	Booktitle = {Informatics: 10 {Y}ears {B}ack, 10 {Y}ears {A}head},
	Date-Added = {2008-07-19 10:41:33 -0400},
	Date-Modified = {2008-07-19 10:41:33 -0400},
	Editor = {R. Wilhelm},
	Pages = {328-340},
	Publisher = {Springer-Verlag},
	Series = {Lecture Notes in Computer Science},
	Title = {Computer {V}ision:{P}ast and {F}uture},
	Year = 2001}

@inproceedings{petersson01:-dca,
	Address = {Maui, HW -- USA},
	Author = {L. Petersson and D. Austin and H.I. Chistensen},
	Booktitle = {IROS-2001},
	Date-Added = {2008-07-19 10:41:33 -0400},
	Date-Modified = {2008-07-19 10:41:33 -0400},
	Month = OCT,
	Organization = {IEEE},
	Title = {DCA: A Distributed Control Architecture for Robotics},
	Year = 2001}

@inproceedings{zucchelli01:-resur-flow-based-struc-paral-autom-rescal,
	Address = {Leeds, UK},
	Author = {Marco Zucchelli and Henrik I Christensen},
	Booktitle = {British Machine Vision Conference},
	Date-Added = {2008-07-19 10:41:33 -0400},
	Date-Modified = {2008-07-19 10:41:33 -0400},
	Month = AUG,
	Title = {Resursive Flow Based Structure from Parallax with Automatic Rescaling},
	Year = 2001}

@inproceedings{zunino01:-simul-mappin-local-domes-envir,
	Address = {Baden-Baden, DE},
	Author = {Guido Zunino and Henrik I Christensen},
	Booktitle = {Multi-Sensory Fusion and Integration for Intelligent Systems},
	Date-Added = {2008-07-19 10:41:33 -0400},
	Date-Modified = {2008-07-19 10:41:33 -0400},
	Editor = {R. Dillmann},
	Month = AUG,
	Pages = {67--72},
	Pdf = {hic-papers/mfi-2001-slam.pdf},
	Title = {Simultaneous Mapping and Localisation in Domestic Environments},
	Year = 2001}

@inproceedings{zunino01:-slam-realis-envir,
	Address = {Toulouse, F},
	Author = {Guido Zunino and Henrik I Christensen},
	Booktitle = {Symposium on Intelligent Robotic Systems},
	Date-Added = {2008-07-19 10:41:33 -0400},
	Date-Modified = {2008-07-19 10:41:33 -0400},
	Editor = {M. Devy},
	Month = AUG,
	Title = {SLAM in Realistic Environments},
	Year = 2001}

@inproceedings{christensen00:-human-robot-inter-servic-robot,
	Address = {Berlin, Germany},
	Author = {H.I. Christensen and H. H{\"u}ttenrauch and K. Severinsson-Eklundh},
	Booktitle = {Robotik-2000},
	Date-Added = {2008-07-19 10:41:33 -0400},
	Date-Modified = {2008-07-19 10:41:33 -0400},
	Month = JUN,
	Note = {(Keynote)},
	Pages = {315--324},
	Pdf = {hic-papers/CHR2000.PDF},
	Publisher = {VDI},
	Title = {Human-Robot Interaction for Service Robots},
	Year = 2000}

@inproceedings{eberst00:-vision,
	Author = {Christof Eberst and Magnus Andersson and Henrik I. Christensen},
	Booktitle = {IROS-2000, Takamatsu},
	Comment = {A methods for localisation wrt to a door. The method uses a hypothesis for the door location/pose to filter edge segments and subsequent hypothesis management. The system has been tested in 150 experiments with only a single error. The system has proven robust to illumination, ... variations.},
	Date-Added = {2008-07-19 10:41:33 -0400},
	Date-Modified = {2008-07-19 10:41:33 -0400},
	Month = NOV,
	Organization = {IEEE/RSJ},
	Pages = {620--625},
	Pdf = {hic-papers/iros-00-doors.pdf},
	Title = {Vision-Based Door--Traversal for Autonomous Mobile Robots},
	Volume = 1,
	Year = 2000}

@inproceedings{jensfelt00:-towar-task-orien-local,
	Address = {Venice, IT},
	Author = {Patric Jensfelt and David Austin and Henrik I Christensen},
	Booktitle = {Intelligent Autonomous Systems -- 6},
	Date-Added = {2008-07-19 10:41:33 -0400},
	Date-Modified = {2008-07-19 10:41:33 -0400},
	Editor = {E. Pagelle and Frans Groen and T. Aria and R. Dillmann and A. Stenz},
	Month = JUL,
	Organization = {IAS},
	Pages = {612--619},
	Publisher = {IOS Press},
	Title = {Towards Task Oriented Localisation},
	Year = 2000}

@inproceedings{kragic00:-framew-visual-servoin,
	Address = {Venezia, IT},
	Author = {Danica Kragic and Henrik I Christensen},
	Booktitle = {Intelligent Autonomous Systems -- 6},
	Date-Added = {2008-07-19 10:41:33 -0400},
	Date-Modified = {2008-07-19 10:41:33 -0400},
	Editor = {E. Pagelle and Frans Groen and T. Aria and R. Dillmann and A. Stenz},
	Month = JUL,
	Organization = {IAS},
	Pages = {835--842},
	Publisher = {IOS Press},
	Title = {A Framework for Visual Servoing},
	Year = 2000,
	Annote = {Introduces DES and Cue integration into a joint
                  formalism for task specification and execution. The
                  cue integration explores voting and consensus
                  theory. Experimental results are provided for door
                  opening, mail docking and object manipulation}}

@inproceedings{kragic00:-track-techn-visual-servoig-tasks,
	Address = {San Francisco, CA},
	Author = {D. Kragic and H. I. Christensen},
	Booktitle = {ICRA-2000},
	Date-Added = {2008-07-19 10:41:33 -0400},
	Date-Modified = {2008-07-19 10:41:33 -0400},
	Editor = {O. Khatib},
	Month = MAY,
	Pages = {1663-1669},
	Pdf = {hic-papers/icra-00-tracking.pdf},
	Publisher = {IEEE},
	Title = {Tracking Techniques for Visual Servoing Tasks},
	Volume = 2,
	Year = 2000}

@inproceedings{lindstrom00:icra,
	Address = {San Francisco},
	Author = {M. Lindstr{\"o}m and A. Oreb{\"a}ck and H.I. Christensen},
	Booktitle = {Intl. Conf. on Robotics and Automation},
	Date-Added = {2008-07-19 10:41:33 -0400},
	Date-Modified = {2008-07-19 10:41:33 -0400},
	Editor = {Khatib},
	Month = MAY,
	Organization = {IEEE},
	Pages = {3278--3283},
	Pdf = {hic-papers/icra-00-berra.pdf},
	Title = {BERRA: A Research Architecture for Service Robots},
	Volume = 4,
	Year = 2000}

@inproceedings{petersson00:-towar-intel-robot-system,
	Address = {Venice},
	Author = {L. Petersson and D. Austin and D. Kragi\'{c} and H.I. Christensen},
	Booktitle = {Proceedings of the Intelligent Autonomous Systems 6, IAS-6},
	Date-Added = {2008-07-19 10:41:33 -0400},
	Date-Modified = {2008-07-19 10:41:33 -0400},
	Month = JUL,
	Pages = {704-709},
	Title = {Towards an Intelligent Robot System},
	Year = 2000}

@inproceedings{petersson00:-towar-intel-servic-robot-system,
	Address = {Venezia, IT},
	Author = {Lars Petersson and David Austin and Danica Kragic and Henrik I Christensen},
	Booktitle = {Proc. 6th Intelligent Autonomous Systems},
	Date-Added = {2008-07-19 10:41:33 -0400},
	Date-Modified = {2008-07-19 10:41:33 -0400},
	Month = JUL,
	Organization = {IAS},
	Pages = {704--709},
	Title = {Towards an Intelligent Service Robot System},
	Year = 2000}

@inproceedings{seiz00:-activ,
	Author = {Marco Seiz and Patric Jensfelt and Henrik I Christensen},
	Booktitle = {IROS-2000, Takamatsu},
	Comment = {Using feature utility to enabel active exploration of an environment to determine features that will eliminate erronous hypothesis and enable fast convergence towards the correct hypothesis. The mehtod closes the loop through the environment rather than directly with the localisation module.},
	Date-Added = {2008-07-19 10:41:33 -0400},
	Date-Modified = {2008-07-19 10:41:33 -0400},
	Month = NOV,
	Organization = {IEEE/RSJ},
	Pages = {281--288},
	Pdf = {hic-papers/iros-00-exploration.pdf},
	Title = {Active Exploration for Feature Based Global Localisation},
	Volume = 1,
	Year = 2000}

@inproceedings{zucchelli00:-compar-stereo-based-flow-based-struc-paral,
	Address = {Toulouse},
	Author = {Marco Zucchelli and Henrik I Christensen},
	Booktitle = {SIRS-00},
	Date-Added = {2008-07-19 10:41:33 -0400},
	Date-Modified = {2008-07-19 10:41:33 -0400},
	Editor = {M. Devy},
	Month = JUL,
	Title = {A Comparison of Stereo Based and Flow Based Structure from Parallax},
	Year = 2000}

@inproceedings{asada99:-robot-home-offic-playin-field,
	Address = {Stockholm, SE},
	Author = {Minoru Asada and Henrik I Christensen},
	Booktitle = {IJCAI-99},
	Date-Added = {2008-07-19 10:41:33 -0400},
	Date-Modified = {2008-07-19 10:41:33 -0400},
	Editor = {Tom Dean},
	Month = AUG,
	Note = {Invited},
	Pdf = {hic-papers/ijcai-99.pdf},
	Publisher = {AAAI Press},
	Title = {Robotics for the Home, Office and Playing Field},
	Volume = 2,
	Year = 1999}

@inproceedings{eriksson99:-vision-based-servoin-grasp-multip-contr-schem,
	Address = {Coimbra, PT},
	Author = {Martin Eriksson and Henrik I. Christensen and Jan-Olof Eklundh},
	Booktitle = {SIRS '99 -- 7th International Symposium on Intelligent Robotic Systems},
	Comment = {Describes using a different Image Jacobians in response to the availability of different cues. The method is used for assembly of puzzles based on image invariance. The method is implemented using MMCA on a PUMA 560 mounted on an XR4000 mobile platform},
	Date-Added = {2008-07-19 10:41:33 -0400},
	Date-Modified = {2008-07-19 10:41:33 -0400},
	Editor = {H. Araujo and J. Dias},
	Month = JUL,
	Pages = {51--60},
	Pdf = {hic-papers/sirs99-martin},
	Title = {Vision Based Servoing and Grasping with Multiple Control Schemes},
	Year = 1999}

@inproceedings{jensfelt99:-laser-based-pose-track,
	Address = {Detroit, Michigan, USA},
	Author = {Patric Jensfelt and Henrik Christensen},
	Booktitle = {Proc.~of the IEEE International Conference on Robotics and Automation (ICRA'99)},
	Date-Added = {2008-07-19 10:41:33 -0400},
	Date-Modified = {2008-07-19 10:41:33 -0400},
	Month = MAY,
	Organization = {IEEE},
	Pages = {2994--3000},
	Pdf = {hic-papers/icra-99-laser-pose.pdf},
	Title = {Laser Based Pose Tracking},
	Volume = 4,
	Year = 1999}

@inproceedings{kragic99:-integ,
	Address = {Kyongju, Korea},
	Author = {D. Kragic and H.I. Christensen},
	Booktitle = {Proc. IEEE/RSJ international Conference on Intelligent Robots and Systems},
	Date-Added = {2008-07-19 10:41:33 -0400},
	Date-Modified = {2008-07-19 10:41:33 -0400},
	Month = OCT,
	Pages = {362--368},
	Title = {Integration of visual cues for active tracking of an end effector},
	Year = 1999}

@inproceedings{kragic99:-using,
	Author = {D. Kragi\'{c} and H.I. Christensen},
	Booktitle = {Proc. of CIMCA'99},
	Date-Added = {2008-07-19 10:41:33 -0400},
	Date-Modified = {2008-07-19 10:41:33 -0400},
	Location = {Vienna, Austria},
	Title = {Using a redundant coarsely calibrated vision system for 3D grasping},
	Year = 1999}

@inproceedings{petersson99:-framew-mobil-manip,
	Address = {Coimbra, PT},
	Author = {Lars Petersson and Henrik I. Christensen},
	Booktitle = {SIRS '99 -- 7th International Symposium on Robotics Systems},
	Comment = {Outlines using of Hybrid Dynamic Systems for integration of mobility and manipulation. The two systems have different dynamics, and it is thus convenient to seperate the systems and provide loose synchronisation. The mobilty system is controlled using a behaviour based approach. The manipulation control is carried out using HDS. The two systems are coupled using an observer. The full system is implemented using a software framework named Mobile Manipulation Control Architecture (MMCA). The software includes a dedicated language for specification of tasks. The task specification is built around the HDS primitives.},
	Date-Added = {2008-07-19 10:41:33 -0400},
	Date-Modified = {2008-07-19 10:41:33 -0400},
	Editor = {H. Araujo and J. Diaz},
	Month = JUL,
	Pages = {359--368},
	Pdf = {hic-papers/sirs99-lars.pdf},
	Title = {A Framework for Mobile Manipulation},
	Year = 1999}

@inproceedings{petersson99:-hybrid-contr-archit-mobil-manip,
	Address = {Korea},
	Author = {L. Petersson and M. Egerstedt and H.I. Christensen},
	Booktitle = {Proc. of International Robotics Symposium '99 -- IROS},
	Date-Added = {2008-07-19 10:41:33 -0400},
	Date-Modified = {2008-07-19 10:41:33 -0400},
	Month = OCT,
	Organization = {IEEE},
	Pages = {1285--1291},
	Pdf = {hic-papers/iros-99-arch.pdf},
	Title = {A Hybrid Control Architecture for Mobile Manipulation},
	Volume = 3,
	Year = 1999}

@inproceedings{sidenbladh99,
	Address = {Detroit, MI},
	Author = {H. Sidenbladh and D. Kragic and H.I. Christensen},
	Booktitle = {ICRA-99},
	Date-Added = {2008-07-19 10:41:33 -0400},
	Date-Modified = {2008-07-19 10:41:33 -0400},
	Month = MAY,
	Pages = {670--675},
	Pdf = {hic-papers/icra-99-pers-track.pdf},
	Publisher = {IEEE},
	Title = {A person following behaviour},
	Volume = 1,
	Year = 1999}

@inproceedings{wijk99:-sonar-based-pose-track-using-natur-landm,
	Address = {Coimbra, PT},
	Author = {Olle Wijk and Henrik I. Christensen},
	Booktitle = {SIRS '99 -- 7th International Symposium on Robotic Systems},
	Comment = {Tracking of pose using traingulation points. Based on a pre-stores map consisting of triangulatoin points a set set is used for pose updating, which is fed to a Kalman Filter that enable continuous tracking of the robot pose. The performance of the system is demonstrated using trajectories up to 500 m in length.},
	Date-Added = {2008-07-19 10:41:33 -0400},
	Date-Modified = {2008-07-19 10:41:33 -0400},
	Editor = {H. Araujo and J. Dias},
	Month = JUL,
	Pages = {245--254},
	Title = {Sonar Based Pose Tracking Using Natural Landmarks},
	Year = 1999}

@inproceedings{braeutigam98:-votin-based-cue-integ,
	Address = {Heidelberg},
	Author = {C. Br{\"a}utigam and J.-O. Eklundh and H.I. Christensen},
	Booktitle = {5th Euopean Conference on Computer Vision},
	Date-Added = {2008-07-19 10:41:33 -0400},
	Date-Modified = {2008-07-19 10:41:33 -0400},
	Editor = {B. Neumann and H. Burkhardt},
	Month = MAY,
	Publisher = {Springer Verlag},
	Series = {LNCS},
	Title = {Voting Based Cue Integration},
	Year = 1998}

@inproceedings{christensen98:-visual-based-navig,
	Address = {Tunesia},
	Author = {H.I. Christensen and J.-O. Eklundh},
	Booktitle = {CESA-98},
	Date-Added = {2008-07-19 10:41:33 -0400},
	Date-Modified = {2008-07-19 10:41:33 -0400},
	Month = APR,
	Organization = {IEEE},
	Pages = {47--53},
	Pdf = {hic-papers/CESA-98.pdf},
	Publisher = {CS Press},
	Title = {Visual-Based Navigation -- A Survey},
	Volume = 4,
	Year = 1998}

@inproceedings{jensfelt98:-laser-based-posit-acquis-track-indoor-envir,
	Address = {Saltillo, Coahuila, Mexico},
	Author = {Patric Jensfelt and Henrik Christensen},
	Booktitle = {Proc.~of the International Symposium on Robotics and Automation},
	Date-Added = {2008-07-19 10:41:33 -0400},
	Date-Modified = {2008-07-19 10:41:33 -0400},
	Month = DEC,
	Organization = {IEEE},
	Pages = {331-338},
	Title = {Laser Based Position Acquisition and Tracking in an Indoor Environment},
	Volume = 1,
	Year = 1998}

@inproceedings{wijk98:-extrac-natur-landm-local-sonar,
	Address = {Edinburgh, Scotland},
	Author = {Olle Wijk and Henrik Christensen},
	Booktitle = {Proc.~of the International Symposium on Intelligent Robotic Systems (SIRS'98)},
	Date-Added = {2008-07-19 10:41:33 -0400},
	Date-Modified = {2008-07-19 10:41:33 -0400},
	Month = JUL,
	Pdf = {hic-papers/sirs98-wijk.pdf},
	Title = {Extraction of Natural Landmarks and Localization using Sonars},
	Year = 1998}

@inproceedings{wijk98:-trian,
	Author = {O. Wijk and P. Jensfelt and H. I. Christensen},
	Booktitle = {IEEE Conf. on Robotics and Automation},
	Date-Added = {2008-07-19 10:41:33 -0400},
	Date-Modified = {2008-07-19 10:41:33 -0400},
	Month = MAY,
	Organization = {IEEE},
	Pages = {3419--3436},
	Pdf = {hic-papers/icra-98-tbf.pdf},
	Title = {Triangulation based fusion of ultrasonic sonar data},
	Year = 1998}

@inproceedings{christensen97:-theor-method-plann-contr-mobil-robot,
	Author = {Henrik I. Christensen and Paolo Pirjanian},
	Booktitle = {1st International Conference on Conventional and Knowledge Based Intelligent Electronic Systems (KES-97)},
	Date-Added = {2008-07-19 10:41:33 -0400},
	Date-Modified = {2008-07-19 10:41:33 -0400},
	Month = APR,
	Pages = {81--86},
	Pdf = {hic-papers/KBS-97-planning.pdf},
	Publisher = {IEEE Computer Society},
	Title = {Theoretical Methods for Planning and Control in Mobile Robotics},
	Volume = 1,
	Year = 1997}

@inproceedings{faymann97:-fusion-redun-visual-behav,
	Author = {Jeff Faymann and Paolo Pirjanian and Henrik I. Christensen},
	Booktitle = {IEEE International Conference on Robotics and Automation 1997},
	Date-Added = {2008-07-19 10:41:33 -0400},
	Date-Modified = {2008-07-19 10:41:33 -0400},
	Month = MAY,
	Pages = {425-430},
	Title = {Fusion of Redundant Visual Behaviours},
	Volume = 1,
	Year = 1997}

@inproceedings{large97:-dynam-robot-plann,
	Author = {E. Large and H. I Christensen and R. Bajcsy},
	Booktitle = {IEEE International Conference on Robotics and Automation 1997},
	Date-Added = {2008-07-19 10:41:33 -0400},
	Date-Modified = {2008-07-19 10:41:33 -0400},
	Month = MAY,
	Organization = {IEEE},
	Pages = {2306--2312},
	Pdf = {hic-papers/icra-97-syn-sys.pdf},
	Publisher = {IEEE Computer Society},
	Title = {Dynamic Robot Planning: Cooperation through Competition},
	Volume = 3,
	Year = 1997}

@inproceedings{pirjanian97:-behav-coord-multip-objec-decis-makin,
	Address = {Pittsburgh, PA, USA},
	Author = {P. Pirjanian and H. I Christensen},
	Booktitle = {Proc. Conf. on Intelligent Systems and Advanced Manufacturing},
	Date-Added = {2008-07-19 10:41:33 -0400},
	Date-Modified = {2008-07-19 10:41:33 -0400},
	Month = OCT,
	Publisher = {SPIE},
	Title = {Behaviour Coordination using Multiple Objective Decision Making},
	Year = 1997}

@inproceedings{pirjanian97:-exper-evaluat-votin-schem-fusion,
	Address = {Stockholm, Sweden},
	Author = {P. Pirjanian and H. I Christensen and J. Fayman},
	Booktitle = {Proc. of 5th Intl. Symp. on Intell. Robotic Systems},
	Date-Added = {2008-07-19 10:41:33 -0400},
	Date-Modified = {2008-07-19 10:41:33 -0400},
	Editor = {H.I. Christensen, C. Br\"autigam and C. Ridderstr\"om},
	Month = JUL,
	Pages = {131--140},
	Publisher = {KTH},
	Title = {Experimental Evaluation of Voting Schemes for Fusion of Redundant Purposive Modules},
	Year = 1997}

@inproceedings{andersen96:-integ,
	Author = {Claus Siggaard Andersen and Henrik I. Christensen},
	Booktitle = {Proceedings of the 4th International Symposium on Intelligent Robotic Systems'96},
	Date-Added = {2008-07-19 10:41:33 -0400},
	Date-Modified = {2008-07-19 10:41:33 -0400},
	Editor = {J. Santos-Victor and J.L. Crowley},
	Month = JUL,
	Pages = {155-164},
	Pdf = {hic-papers/sirs96.pdf},
	Publisher = {Instituto de Sistemas e Robotica, Lisbon, PT},
	Title = {Integration of visual processes for control of fixation},
	Year = 1996}

@inproceedings{christensen96:-using-gramm-scene-inter,
	Author = {Henrik I. Christensen and George Matas and Josef Kittler},
	Booktitle = {Proceedings from International Conference on Image Processing},
	Date-Added = {2008-07-19 10:41:33 -0400},
	Date-Modified = {2008-07-19 10:41:33 -0400},
	Editor = {P. Delogne},
	Month = SEP,
	Pages = {793-796},
	Pdf = {hic-papers/ip-96-grammar.pdf},
	Publisher = {IEEE Signal Processing Society},
	Title = {Using Grammars for Scene Interpretation},
	Volume = 2,
	Year = 1996}

@inproceedings{kristensen96:-decis,
	Author = {Steen Kristensen and Henrik I. Christensen},
	Booktitle = {Proceedings of the 1996 IEEE International Conference on Multisensor Fusion and Integration for Intelligent Systems (MFI'96)},
	Date-Added = {2008-07-19 10:41:33 -0400},
	Date-Modified = {2008-07-19 10:41:33 -0400},
	Editor = {Masatoshi Ishikawa},
	Month = DEC,
	Pdf = {hic-papers/mfi-97-bayesian.pdf},
	Publisher = {IEEE Computer Society},
	Title = {Decision-theoretic multisensor planning and integration for mobile robot navigation.},
	Year = 1996}

@inproceedings{causse95:-hierar-contr-desig-based-petri,
	Author = {Oliver Causse and Henrik I. Christensen},
	Booktitle = {Proceedings from the Intelligent Autonomous Systems IV},
	Date-Added = {2008-07-19 10:41:33 -0400},
	Date-Modified = {2008-07-19 10:41:33 -0400},
	Month = MAR,
	Title = {Hierarchical Control Design Based on Petri-Net Modelling for an Autonomous for Mobile Robot},
	Year = 1995}

@inproceedings{christensen95,
	Author = {Henrik I. Christensen and Jacob Horstmann and Torben Rasmussen},
	Booktitle = {Proceedings from the Second Asian Conference on Computer Vision},
	Date-Added = {2008-07-19 10:41:33 -0400},
	Date-Modified = {2008-07-19 10:41:33 -0400},
	Month = DEC,
	Organization = {IEEE},
	Pages = {364-369},
	Publisher = {IEEE Computer Society},
	Title = {A control theoretic approach to active vision},
	Year = 1995}

@inproceedings{faymann95:-activ-vision-shell,
	Author = {Jeff Faymann and E. Rivlin and Henrik I. Christensen},
	Booktitle = {Proceedings of the Third International Symposium on Intelligent Robotic Systems'95, SIRS-95},
	Date-Added = {2008-07-19 10:41:33 -0400},
	Date-Modified = {2008-07-19 10:41:33 -0400},
	Month = JUL,
	Pages = {315-322},
	Title = {The Active Vision Shell},
	Year = 1995}

@inproceedings{kosecka95:-exper-behav-compos,
	Address = {Pisa},
	Author = {Jana Kosecka and Henrik I. Christensen},
	Booktitle = {Proceedings from The International Symposium on Intelligent Robotic Systems 95},
	Date-Added = {2008-07-19 10:41:33 -0400},
	Date-Modified = {2008-07-19 10:41:33 -0400},
	Month = JUL,
	Pages = {1--8},
	Title = {Experiments in Behaviour Composition},
	Year = 1995}

@inproceedings{madsen95:-model-testin-stabil-edge-segmen,
	Author = {Claus Br{\o}ndgaard Madsen and Henrik I. Christensen},
	Booktitle = {Proceedings of the 9th Scandinavian Conference on Image Analysis},
	Date-Added = {2008-07-19 10:41:33 -0400},
	Date-Modified = {2008-07-19 10:41:33 -0400},
	Month = JUN,
	Pages = {1011-1019},
	Publisher = {Swedish Society for Automated Image Analysis},
	Title = {Modelling and Testing the Stability of Edge Segment; Length and Orientation},
	Year = 1995}

@inproceedings{sinclair95:-using-relat-plane-projec-fundam-matrix,
	Author = {D. Sinclair and H. I. Christensen and C. Rothwell},
	Booktitle = {Proceedings of the 9th SCIA},
	Date-Added = {2008-07-19 10:41:33 -0400},
	Date-Modified = {2008-07-19 10:41:33 -0400},
	Month = JUN,
	Pages = {181-188},
	Pdf = {hic-papers/sinclair95using.pdf},
	Publisher = {Swedish Society for Automated Image Analysis.},
	Title = {Using the Relation between a Plane Projectivity and the Fundamental Matrix},
	Year = 1995}

@inproceedings{andersen94:-using-multip-cues-contr-agile-camer-head,
	Author = {Claus Siggaard Andersen and Henrik I. Christensen},
	Booktitle = {Proceedings from The IAPR Workshop on Visual Behaviours, Seattle 1994.},
	Date-Added = {2008-07-19 10:41:33 -0400},
	Date-Modified = {2008-07-19 10:41:33 -0400},
	Month = JUN,
	Pages = {97-101},
	Pdf = {hic-papers/vl-94-cue-intg.pdf},
	Publisher = {IEEE Computer Society},
	Title = {Using Multiple Cues for Controlling and Agile Camera Head},
	Year = 1994}

@inproceedings{christensen94:-activ-vision-survey,
	Author = {Henrik I. Christensen and Erik Granum},
	Booktitle = {Proceedings of the 11th European Conference on Artificial Intelligence, ECAI'94},
	Date-Added = {2008-07-19 10:41:33 -0400},
	Date-Modified = {2008-07-19 10:41:33 -0400},
	Editor = {A. Cohn},
	Month = AUG,
	Pages = {1--6},
	Publisher = {John Wiley \& Sons},
	Title = {Active Vision - A Survey.},
	Year = 1994}

@inproceedings{dickinson94:-activ-objec-recog-integ-atten-viewp-contr,
	Author = {Sven J. Dickinson and Henrik I. Christensen and John Tsotsos and G{\o}ran Olofsson},
	Booktitle = {Proceedings from the Third European Conference on Computer Vision, Stockholm},
	Date-Added = {2008-07-19 10:41:33 -0400},
	Date-Modified = {2008-07-19 10:41:33 -0400},
	Editor = {Jan-Olof Eklundh},
	Month = MAY,
	Pages = {3-14},
	Publisher = {Springer Verlag},
	Series = {Lecture Notes in Computer Science},
	Title = {Active Object Recognition Integrating Attention and Viewpoint Control},
	Volume = 801,
	Year = 1994}

@inproceedings{dickinson94:-qualit-track-d-objec-activ-contour-networ,
	Author = {Sven J. Dickinson and Piotr Jasiobedzki and G{\o}ran Olofsson and Henrik I. Christensen},
	Booktitle = {Proceedings from The International Conference on Computer Vision and Pattern Recognition.},
	Date-Added = {2008-07-19 10:41:33 -0400},
	Date-Modified = {2008-07-19 10:41:33 -0400},
	Editor = {Kevin W. Bowyer},
	Month = JUN,
	Organization = {IEEE},
	Pages = {812-817},
	Pdf = {hic-papers/cvap-94-contour.pdf},
	Title = {Qualitative Tracking of 3-D Objects using Active Contour Networks},
	Year = 1994}

@inproceedings{kristensen94:-recon,
	Author = {Steen Kristensen and Henrik I. Christensen},
	Booktitle = {Proceedings of the International Workshop on Intelligent Robotic Systems '94.},
	Date-Added = {2008-07-19 10:41:33 -0400},
	Date-Modified = {2008-07-19 10:41:33 -0400},
	Month = JUL,
	Pages = {271-278},
	Title = {Reconstruction of 3D planes with an image-enhanced estimator},
	Year = 1994}

@inproceedings{liang94:-qualit-recog-bayes-reason,
	Author = {J. Liang and Henrik I. Christensen and Finn V. Jensen},
	Booktitle = {Proceedings from Pattern Recognition in Practice IV},
	Date-Added = {2008-07-19 10:41:33 -0400},
	Date-Modified = {2008-07-19 10:41:33 -0400},
	Month = JUN,
	Publisher = {Elsevier Publishers},
	Title = {Qualitative Recognition using Bayes Reasoning},
	Year = 1994}

@inproceedings{madsen94:-deter-angles-movab-obser,
	Author = {Claus Br{\o}ndgaard Madsen and Henrik I. Christensen},
	Booktitle = {Proceedings of the 12th IAPR International Conference on Pattern Recognition : Conference A: Computer Vision and Image Processing},
	Date-Added = {2008-07-19 10:41:33 -0400},
	Date-Modified = {2008-07-19 10:41:33 -0400},
	Editor = {Penny Storms},
	Month = OCT,
	Pages = {280--284},
	Pdf = {hic-papers/icpr-94-angles.pdf},
	Publisher = {IEEE Computer Society Press},
	Title = {Determining Angles with a Movable Observer},
	Volume = 1,
	Year = 1994}

@inproceedings{madsen94:-local-un-calib-react-camer,
	Author = {Claus Br{\o}ndgaard Madsen and Henrik I. Christensen},
	Booktitle = {Proceedings: IEEE Workshop on Visual Behaviours.},
	Date-Added = {2008-07-19 10:41:33 -0400},
	Date-Modified = {2008-07-19 10:41:33 -0400},
	Month = JUN,
	Pages = {119--123},
	Pdf = {hic-papers/vl-94-angles.pdf},
	Publisher = {IEEE},
	Title = {Localizing Un-Calibrated, Reactive Camera Motion in an Object Centered Coordinate System},
	Year = 1994}

@inproceedings{madsen94:-react-view-plann-quant-local-geomet,
	Author = {Claus Br{\o}ndgaard Madsen and Henrik I. Christensen},
	Booktitle = {Proceedings from IEEE Conference on Computer Vision and Pattern Recognition, Seattle, Washington},
	Date-Added = {2008-07-19 10:41:33 -0400},
	Date-Modified = {2008-07-19 10:41:33 -0400},
	Month = JUN,
	Pages = {823--828},
	Pdf = {hic-papers/cvpr-94-angles.pdf},
	Title = {Reactive View Planning for Quantification of Local Geometry},
	Year = 1994}

@inproceedings{bergem93:-using-match-uncer-kalman-filter,
	Author = {Oddbj{\o}rn Bergem and Claus Siggaard Andersen and Henrik I. Christensen},
	Booktitle = {Proceedings of the 8th Scandinavian Conference on Image Analysis.},
	Date-Added = {2008-07-19 10:41:33 -0400},
	Date-Modified = {2008-07-19 10:41:33 -0400},
	Editor = {Kjell Arild H{\o}gda and Bj{\o}rn Braathen and Karsten Heia},
	Month = MAY,
	Pages = {405--410},
	Pdf = {hic-papers/scia8.pdf},
	Publisher = {NOBIM},
	Title = {Using Match Uncertainty in the Kalman Filter for a Sonar Based Positioning System},
	Volume = 1,
	Year = 1993}

@inproceedings{christensen93:-model-vision-in-navig,
	Author = {Henrik I. Christensen and Niels Ole Staub Kirkeby and Steen Kristensen and Lars F. Knudsen},
	Booktitle = {Proceedings from Conference on Sensor Fusion VI, Boston, 1993},
	Date-Added = {2008-07-19 10:41:33 -0400},
	Date-Modified = {2008-07-19 10:41:33 -0400},
	Editor = {Paul S. Schenker},
	Month = SEP,
	Pages = {408--419},
	Publisher = {SPIE},
	Title = {Model-driven Vision for In-door Navigation},
	Volume = 2059,
	Year = 1993}

@inproceedings{crowley93:-vision-proces,
	Author = {James L. Crowley and Henrik I. Christensen},
	Booktitle = {Proceedings of the Swiss Vision 93},
	Date-Added = {2008-07-19 10:41:33 -0400},
	Date-Modified = {2008-07-19 10:41:33 -0400},
	Month = SEP,
	Pages = {1--8},
	Title = {Vision as Process: Integration and Control of a Real Time Active Vision System},
	Year = 1993}

@inproceedings{dickinson93:-qualit-predic-activ-recog,
	Author = {Sven J. Dickinson and G{\o}ran Olofsson and Henrik I. Christensen},
	Booktitle = {Proceedings of the 8th Scandinavian Conference on Image Analysis},
	Date-Added = {2008-07-19 10:41:33 -0400},
	Date-Modified = {2008-07-19 10:41:33 -0400},
	Editor = {Kjell Arild H{\o}gda and Bj{\o}rn Braathen and Karsten Heia},
	Month = MAY,
	Pages = {337--344},
	Publisher = {NOBIM, Norwegian Society for Image Processing and Pattern Recognition},
	Title = {Qualitative Prediction in Active Recognition},
	Volume = 1,
	Year = 1993}

@inproceedings{jones93:-exper-mobil-robot-navig-range-imagin,
	Author = {Judson P. Jones and Ole H. Dorum and Claus Siggaard Andersen and Sven B. Jacobsen and Michael S. Jensen and Niels Ole Staub Kirkeby and Steen Kristensen and Claus Br{\o}ndgaard Madsen and Henrik M{\o}ller Nielsen and Erik S{\o}rensen and Jan Juul S{\o}rensen and Henrik I. Christensen},
	Booktitle = {Proceedings of the 8th Scandinavian Conference on Image Analysis.},
	Date-Added = {2008-07-19 10:41:33 -0400},
	Date-Modified = {2008-07-19 10:41:33 -0400},
	Editor = {Kjell Arild H{\o}gda and Bj{\o}rn Braathen and Karsten Heia},
	Month = MAY,
	Pages = {371--387},
	Publisher = {NOBIM},
	Title = {Experiments in Mobile Robot Navigation and Range Imaging},
	Volume = 1,
	Year = 1993}

@inproceedings{kristensen93:-contin-recon-scene-objec,
	Author = {Steen Kristensen and Henrik I. Christensen},
	Booktitle = {Proceedings from Conference on Sensor Fusion VI, Boston, 1993},
	Date-Added = {2008-07-19 10:41:33 -0400},
	Date-Modified = {2008-07-19 10:41:33 -0400},
	Editor = {Paul S. Schenker},
	Month = SEP,
	Pages = {272--281},
	Publisher = {SPIE},
	Title = {Continuous Reconstruction of Scene Objects},
	Volume = 2059,
	Year = 1993}

@inproceedings{kristensen93:-cooper-depth-extrac,
	Author = {Steen Kristensen and Henrik M{\o}ller Nielsen Henrik and Henrik I. Christensen},
	Booktitle = {Proceedings of the 8th Scandinavian Conference on Image Analysis},
	Date-Added = {2008-07-19 10:41:33 -0400},
	Date-Modified = {2008-07-19 10:41:33 -0400},
	Editor = {Kjell Arild H{\o}gda and Bj{\o}rn Braathen and Karsten Heia},
	Month = MAY,
	Pages = {321--328},
	Publisher = {NOBIM},
	Title = {Cooperative Depth Extraction},
	Volume = 1,
	Year = 1993}

@inproceedings{madsen93:-qualit-scene-model-from-spars-data,
	Author = {Claus Br{\o}ndgaard Madsen and Henrik I. Christensen},
	Booktitle = {Proceedings of the 8th Scandinavian Conference on Image Analysis},
	Date-Added = {2008-07-19 10:41:33 -0400},
	Date-Modified = {2008-07-19 10:41:33 -0400},
	Editor = {Kjell Arild H{\o}gda and Bj{\o}rn Braathen and Karsten Heia},
	Month = MAY,
	Organization = {IAPR},
	Pages = {427--433},
	Publisher = {NOBIM},
	Title = {Qualitative Scene Models From Sparse 3D Data},
	Volume = 1,
	Year = 1993}

@inproceedings{soerensen93:-monit-road-traff,
	Author = {Erik S{\o}rensen and Henrik I. Christensen},
	Booktitle = {Proceedings of the 8th Scandinavian Conference on Image Analysis (=SCIA 93)},
	Date-Added = {2008-07-19 10:41:33 -0400},
	Date-Modified = {2008-07-19 10:41:33 -0400},
	Editor = {Kjell Arild H{\o}gda and Bj{\o}rn Braathen and Karsten Heia},
	Month = MAY,
	Pages = {1085--1091},
	Publisher = {NOBIM},
	Title = {Monitoring of Road Traffic},
	Volume = 2,
	Year = 1993}

@inproceedings{andersen92:-laser-range-guided-robot-vehic,
	Author = {Claus Siggaard Andersen and Claus Br{\o}ndgaard Madsen and Jan Juul S{\o}rensen and Niels Ole Staub Kirkeby and Judson P. Jones and Henrik I. Christensen},
	Booktitle = {Proceedings of the Second Nordic Workshop on Industrial Machine Vision},
	Date-Added = {2008-07-19 10:41:33 -0400},
	Date-Modified = {2008-07-19 10:41:33 -0400},
	Pages = {1--6},
	Title = {Laser Range Guided Robot Vehicle},
	Year = 1992}

@inproceedings{andersen92:-vinav-et-vision-navig,
	Author = {Claus Siggard Andersen and Henrik I. Christensen and Niels Ole Staub Kirkeby and Lars F. Knudsen and Claus Br{\o}ndgaard Madsen},
	Booktitle = {Proceedings Nordic Summer School on Active Vision and Geometric Modeling, Aalborg, 1992},
	Date-Added = {2008-07-19 10:41:33 -0400},
	Date-Modified = {2008-07-19 10:41:33 -0400},
	Editor = {Henrik I. Christensen},
	Month = SEP,
	Pages = {251--257},
	Publisher = {Laboratory of Image Analysis},
	Title = {VINAV, Et system for VIsion st{\o}ttet NAVigation},
	Year = 1992}

@inproceedings{christensen92:-auc-robot-camer-head,
	Author = {Henrik I. Christensen},
	Booktitle = {Proceedings of SPIE Conference on Application of Artificial Intelligence X : Machine Vision and Robotics},
	Date-Added = {2008-07-19 10:41:33 -0400},
	Date-Modified = {2008-07-19 10:41:33 -0400},
	Editor = {Kevin W. Bowyer},
	Month = APR,
	Pages = {26--33},
	Publisher = {SPIE},
	Title = {The AUC Robot Camera Head},
	Volume = 1708,
	Year = 1992}

@inproceedings{christensen92:-contr-percp-dynam-vision,
	Address = {Bostom, MA},
	Author = {H. I. Christensen and C. S. Andersen and E. Granum},
	Booktitle = {Mobile Robotics III},
	Date-Added = {2008-07-19 10:41:33 -0400},
	Date-Modified = {2008-07-19 10:41:33 -0400},
	Month = OCT,
	Organization = {SPIE},
	Pdf = {hic-papers/spie-boston.pdf},
	Title = {Control of Percpetion in Dynamic Vision},
	Year = 1992}

@inproceedings{eggert92:-scale-space-aspec-graph,
	Author = {David W. Eggert and Kevin W. Bowyer and Charles R. Dyer and Henrik I. Christensen and Dmitry B. Goldgof},
	Booktitle = {Proceedings from the IEEE Conference on Computer Vision and Pattern Recognition, June 1992, Urbana, Illinois},
	Date-Added = {2008-07-19 10:41:33 -0400},
	Date-Modified = {2008-07-19 10:41:33 -0400},
	Month = JUN,
	Pages = {335--340},
	Pdf = {hic-papers/cvap-92-asp-graph.pdf},
	Title = {The Scale Space Aspect Graph},
	Year = 1992}

@inproceedings{granum92:-vision-proces,
	Author = {Erik Granum and Henrik I. Christensen and James L. Crowley and Alain Chehikian and Jan-Olof Eklundh and G{\o}sta Granlund and Josef Kittler and John Illingworth},
	Booktitle = {Proceedings of ESPRIT DAY at the Second European Conference on Computer Vision 1992},
	Date-Added = {2008-07-19 10:41:33 -0400},
	Date-Modified = {2008-07-19 10:41:33 -0400},
	Editor = {P. Van Hove},
	Month = MAY,
	Pages = {1--10},
	Publisher = {Commission of the European Communities (=CEC)},
	Series = {CEC DG},
	Title = {Vision as Process},
	Year = 1992}

@inproceedings{jensen92:-bayes-method-inter-contr-multi-vision-system,
	Author = {Finn Verner Jensen and Henrik I. Christensen and Jan Nielsen},
	Booktitle = {Proceedings of SPIE Conference on Application of AI X: Machine Vision and Robotics},
	Date-Added = {2008-07-19 10:41:33 -0400},
	Date-Modified = {2008-07-19 10:41:33 -0400},
	Editor = {Kevin W. Bowyer},
	Month = APR,
	Organization = {SPIE},
	Pages = {536--548},
	Title = {Bayesian Methods for Interpretation and Control in Multi-agent Vision Systems},
	Volume = 1708,
	Year = 1992}

@inproceedings{andersen91:-analy-three-depth-recov-techn,
	Author = {Claus Siggaard Andersen and and Jan Juul S{\o}rensen and Henrik I. Christensen},
	Booktitle = {Proceedings of the 7'th Scandinavian Conference on Image Analysis.},
	Date-Added = {2008-07-19 10:41:33 -0400},
	Date-Modified = {2008-07-19 10:41:33 -0400},
	Editor = {Peter Johansen and S{\o}ren Olsen},
	Month = AUG,
	Pages = {114-126},
	Publisher = {Pattern Recognition Society of Denmark .},
	Title = {An Analysis of Three Depth Recovery Techniques},
	Volume = 1,
	Year = 1991}

@inproceedings{knudsen91:-method-effic-pyram-const,
	Author = {Carsten B. Knudsen and Henrik I. Christensen},
	Booktitle = {Proceedings of the 7th Scandinavian Conference on Image Anal},
	Date-Added = {2008-07-19 10:41:33 -0400},
	Date-Modified = {2008-07-19 10:41:33 -0400},
	Editor = {Peter Johansen and S{\o}ren Olsen},
	Month = AUG,
	Organization = {IAPR},
	Pages = {29--39},
	Publisher = {Pattern Recognition Society of Denmark},
	Title = {On Methods for Efficient Pyramid Construction},
	Volume = 1,
	Year = 1991}

@inproceedings{madsen91:-graph-based-approac-qualit-scene-model,
	Author = {Claus Br{\o}ndgaard Madsen and Niels Ole Staub Kirkeby and Henrik I. Christensen},
	Booktitle = {Proceedings of the 7th Scandinavian Conference on Image Analysis},
	Date-Added = {2008-07-19 10:41:33 -0400},
	Date-Modified = {2008-07-19 10:41:33 -0400},
	Editor = {Peter Johansen and S{\o}ren Olsen},
	Month = AUG,
	Organization = {IAPR},
	Pages = {324-337},
	Publisher = {Pattern Recognition Society of Denmark},
	Title = {A Graph Based Approach to 3D Qualitative Scene Modelling},
	Volume = 1,
	Year = 1991}

@inproceedings{granum90:-basic-contr-issues-contin-operat-vision-system,
	Author = {Erik Granum and Henrik I. Christensen},
	Booktitle = {Proc. ESPRIT BR Workshop on Control of Perception in Active Vision, 2nd ECCV},
	Date-Added = {2008-07-19 10:41:33 -0400},
	Date-Modified = {2008-07-19 10:41:33 -0400},
	Month = APR,
	Title = {Basic Control Issues in a Continuously Operating Vision System},
	Year = 1990}

@inproceedings{christensen89:-concur-multi-resol-image-analy,
	Author = {Henrik I. Christensen and Judson P. Jones},
	Booktitle = {Proc.\ Fourth Conference on Hypercube Concurrent Computers and Applications},
	Date-Added = {2008-07-19 10:41:33 -0400},
	Date-Modified = {2008-07-19 10:41:33 -0400},
	Month = MAY,
	Organization = {ACM},
	Pages = {1031--1038},
	Title = {Concurrent Multi-Resolution Image Analysis},
	Year = 1989}

@inproceedings{christensen89:-concur-proces-real-time-motion-detec,
	Author = {Henrik I. Christensen},
	Booktitle = {Proceedings of the 6th Scandinavian Conference on Image Analysis},
	Date-Added = {2008-07-19 10:41:33 -0400},
	Date-Modified = {2008-07-19 10:41:33 -0400},
	Editor = {Matti Pietk{\"a}inen},
	Month = JUN,
	Pages = {1164 - 1171},
	Publisher = {Pattern Recognition Society of Finland},
	Title = {Concurrent Processing for Real Time Motion Detection},
	Volume = {II},
	Year = 1989}

@inproceedings{christensen89:-concur-spatio-tempor-image-analy,
	Author = {Henrik I. Christensen},
	Booktitle = {Proc.\ Fourth Conference on Concurrent Hypercube Computers},
	Date-Added = {2008-07-19 10:41:33 -0400},
	Date-Modified = {2008-07-19 10:41:33 -0400},
	Month = MAY,
	Organization = {ACM},
	Pages = {991-994},
	Title = {Concurrent Spatio-Temporal Image Analysis},
	Year = 1989}

@inproceedings{granum89:-princ-motion-analy-real-time,
	Author = {Erik Granum and Henrik I. Christensen},
	Booktitle = {Image Processing II. Proceedings of SPIE Topical Conference on Image Processing, Hamburg, 1988},
	Date-Added = {2008-07-19 10:41:33 -0400},
	Date-Modified = {2008-07-19 10:41:33 -0400},
	Editor = {Peter J. S. Hutzler and Andr Oosterlinck},
	Pages = {113--120},
	Publisher = {SPIE-The International Society for Optical Engineering},
	Read = {Yes},
	Title = {On Principles of Motion Analysis in Real Time},
	Volume = 1027,
	Year = 1989}

@inproceedings{christensen88:-multi-scale-motion-analy,
	Author = {Henrik I. Christensen and Erik Granum},
	Booktitle = {Proceedings fra NOBIM-konferansen 1988},
	Date-Added = {2008-07-19 10:41:33 -0400},
	Date-Modified = {2008-07-19 10:41:33 -0400},
	Month = JUN,
	Pages = {83-87},
	Publisher = {Norsk Regnesentral},
	Series = {Rapport},
	Title = {On Multi Scale Motion Analysis},
	Year = 1988}

@inproceedings{granum88:-method-real-time-motion-analy,
	Author = {Erik Granum and Henrik I. Christensen},
	Booktitle = {Proc. 2nd Hungarian Workshop on Image Analysis},
	Date-Added = {2008-07-19 10:41:33 -0400},
	Date-Modified = {2008-07-19 10:41:33 -0400},
	Month = JUN,
	Pages = {95--107},
	Publisher = {Hungarian Academy of Science},
	Title = {Methods for Real-Time Motion Analysis},
	Year = 1988}
@COMMENT{{This file has been generated by bib2bib 1.87}}

@COMMENT{{Command line: bib2bib -r -s year journal-issues.bib}}

@ARTICLE{kragic05:-advan-robot-vision,
  author =	 {D. Kragic and H. I. Christensen},
  date-added =	 {2008-07-21 02:47:39 -0400},
  date-modified ={2008-07-21 02:47:39 -0400},
  journal =	 {Robotics and {A}utonomous {S}ystems},
  month =	 JUN,
  pages =	 {1--4},
  title =	 {Advances in Robot Vision},
  year =	 2005
}

@ARTICLE{christensen04:-cognit-vision,
  author =	 {Henrik I. Christensen},
  date-added =	 {2008-07-21 02:47:17 -0400},
  date-modified ={2008-07-21 02:47:17 -0400},
  journal =	 {AI Magazine},
  month =	 JUL,
  number =	 2,
  pages =	 {8--9},
  title =	 {Cognitive Vision},
  volume =	 25,
  year =	 2004,
  annote =	 {Introduction/Editorial to special issue on Cognitive
                  Vision}
}

@ARTICLE{christensen03:-visual-servoin,
  author =	 {H.I. Christensen and P. Corke},
  date-added =	 {2008-07-21 02:46:52 -0400},
  date-modified ={2008-07-21 02:46:52 -0400},
  journal =	 {Intl. Jour. of Robotics Research},
  month =	 OCT,
  number =	 4,
  title =	 {Visual Servoing -- Editorial},
  volume =	 22,
  year =	 2003
}

@ARTICLE{christensen98:-intel-robot-system,
  author =	 {H.I. Christensen and J. Crowley},
  date-added =	 {2008-07-21 02:45:55 -0400},
  date-modified ={2008-07-21 02:45:55 -0400},
  journal =	 {Robotics and Autonomous Systems},
  month =	 AUG,
  number =	 4,
  pages =	 {201--204},
  title =	 {Intelligent Robotic Systems},
  volume =	 23,
  year =	 1998,
  annote =	 {Special Issue Editorial}
}

@ARTICLE{christensen97:-perfor-charac-vision-algor,
  author =	 {H. I. Christensen and W. F\"orstner},
  date-added =	 {2008-07-21 02:45:42 -0400},
  date-modified ={2008-07-21 02:45:42 -0400},
  journal =	 {Machine Vision and Applications},
  month =	 MAR,
  number =	 {5/6},
  pages =	 {215--218},
  title =	 {Performance Characteristics of Vision Algorithms},
  volume =	 9,
  year =	 1997,
  annote =	 {(Editorial)}
}

@COMMENT{{This file has been generated by bib2bib 1.87}}

@COMMENT{{Command line: bib2bib -r -s year theses.bib}}

@PHDTHESIS{christensen89:-aspec-real-time-image-sequen-analy,
  author = {Henrik I. Christensen},
  date-added = {2008-07-19 10:31:26 -0400},
  date-modified = {2008-07-19 10:31:26 -0400},
  month = AUG,
  school = {Aalborg University},
  title = {Aspects of Real-Time Image Sequence Analysis},
  year = 1989
}

@MASTERSTHESIS{christensen87:-monit-movin-objec-real-time,
  author = {Henrik I Christensen},
  title = {Monitoring Moving Objects in Real-Time},
  school = {Aalborg University},
  year = 1987,
  type = {{M.Sc.} Thesis},
  address = {Aalborg, Denmark},
  month = {June}
}

