@COMMENT{{This file has been generated by bib2bib 1.87}}

@COMMENT{{Command line: bib2bib -r -s year theses.bib}}

@PHDTHESIS{christensen89:-aspec-real-time-image-sequen-analy,
  author = {Henrik I. Christensen},
  date-added = {2008-07-19 10:31:26 -0400},
  date-modified = {2008-07-19 10:31:26 -0400},
  month = AUG,
  school = {Aalborg University},
  title = {Aspects of Real-Time Image Sequence Analysis},
  year = 1989
}

@MASTERSTHESIS{christensen87:-monit-movin-objec-real-time,
  author = {Henrik I Christensen},
  title = {Monitoring Moving Objects in Real-Time},
  school = {Aalborg University},
  year = 1987,
  type = {{M.Sc.} Thesis},
  address = {Aalborg, Denmark},
  month = {June}
}

